2717 4659
575 146 584 179 ²
626 163 738 237 ιω
757 141 1648 235 FREINSH.SUPP1',.L.V1.
1667 163 1754 224 m
1774 158 1967 225 noc,
1990 160 2486 229 L.xv1.1,1vn.
2510 172 2526 209 x

281 367 347 420 U·
364 369 553 439 caim·
737 371 904 433 LXI.
946 372 1189 432 Romae
1216 370 1480 432 interim
1504 367 1587 430 de
1614 388 1776 451 aqua
1805 367 2078 429 Anienis
2100 367 2168 428 in
2189 366 2420 428 urbem
2448 368 2566 431 de-

405 472 418 479 ·
616 450 910 514 ducenda
939 453 1260 513 Minucius
1299 464 1561 534 praetor
1591 449 1660 509 in
1690 448 2205 519 senatu‘retulit„
2248 448 2451 532 ·Opus
2483 451 2570 510 il-

613 531 729 594 lud
762 553 839 593 ex
879 533 1198 593 manubiis
1232 532 1459 595 censo'r
1492 530 1588 592 M?
1613 524 2221 594 Curiuslocaverat.
2281 530 2421 605 sed,
2451 551 2573 593 va-

613 613 733 674 riis
769 613 1013 674 exortis
1061 613 1578 696 impedimentis,
1622 632 1732 672 res
1771 630 2012 671 nonum
2041 611 2108 670 in
2139 630 2367 672 annum
2402 632 2565 695 pro-

612 694 737 755 lata
770 694 910 755 tum¹
950 695 1433 755 retractabatur.
1499 692 1829 776 creatique
1872 691 2194 752 duumviri
2233 690 2466 753 Curius
2496 707 2571 755 et

613 775 883 837 Fulvius
899 775 1209 836 Flaccus:
1271 774 1425 848 sed,
1478 776 1676 836 Curio
1719 773 2012 857 quintum
2042 773 2211 834 intra
2256 773 2427 834 diem
2444 773 2569 835 de-

454 919 469 933 ,
613 855 872 928 functo,
972 856 1137 917 loria
1176 855 1487 918 deductae
1523 873 1724 950 aquae
1769 874 1976 938 penes
2023 875 2219 914 unum
2260 856 2568 916 Fulvium

285 918 591 1002 .H‘.'''.'¹.‘⁸'
614 935 761 998 fuit.
848 938 937 997 Su
1016 936 1088 997 id
1130 951 1383 1019 tempus
1419 937 1747 998 Hamilcar
1792 935 1862 997 in
1903 934 2187 997 Siciliam
2226 936 2569 997 Hannonis

272 987 589 1107 wiffam*
615 1018 938 1079 succeffor
975 1018 1362 1101 Carthagine
1406 1017 1610 1078 venit.
1684 1017 2071 1078 Hannonem
2106 1038 2379 1101 namque
2402 1059 2423 1090 ,
2484 1038 2569 1079 ex

420 1091 437 1109 ’
613 1100 775 1159 mala
806 1114 1018 1182 pugna
1049 1099 1307 1160 domum
1337 1098 1719 1160 redeuntem
1739 1139 1756 1170 ‚
1821 1098 2253 1178 ignominiose
2285 1119 2571 1180 excepe-
2641 1105 2647 1109 ’

614 1196 758 1242 rant
777 1180 1007 1254 Poeni,
1051 1182 1549 1263 mulctatumque
1570 1199 1684 1241 sex
1698 1178 1985 1238 millibus
2007 1197 2348 1239 aureorum
2373 1200 2572 1262 prae-

304 1256 586 1331 ᾎΙΙκεΗι.
613 1261 863 1324 sectura
896 1261 1316 1324 dimoverant.
1383 1263 1548 1321 Eum
1581 1260 2012 1322 Hamilcarem
2038 1272 2288 1342 patrem
2317 1260 2576 1320 Hanni..

271 1344 472 1425 macas
611 1342 782 1404 balis
800 1387 820 1415 ‚
953 1343 977 1402 i
1007 1363 1285 1427 sequens
1316 1341 1560 1403 bellum
1579 1342 1898 1402 Punicum
1918 1338 2219 1403 adversus
2237 1344 2575 1425 Romanos

267 1410 553 1490 'famum’
614 1423 834 1497 duxit,
864 1365 1089 1496 1iiiiss'ffi
1181 1422 1416 1498 uidam,
1463 1421 1886 1485 similitudine
1922 1422 2252 1483 nominum
2281 1422 2574 1507 decepti,

267 1479 348 1530 ι’*
364 1491 552 1549 '‘m'’
611 1525 742 1567 non
777 1517 958 1566 recte
986 1503 1155 1566 tradi
1204 1517 1416 1566 erunt.
1458 1526 1603 1565 nam
1635 1505 1898 1587 genitor
1913 1502 2298 1565 Hannibalis
2317 1505 2579 1565 Hamil-

612 1607 723 1649 car
744 1587 1051 1648 ‘extremis
1084 1585 1220 1665 ejus
1248 1585 1409 1648 belli
1441 1600 1571 1648 tem
1620 1584 1844 1648 oribus
1874 1585 1939 1646 in
1973 1585 2259 1646 Siciliam
2278 1605 2418 1647 cum
2443 1586 2576 1646 im-

609 1668 801 1752 perio
836 1667 1213 1730 adolescens
1250 1670 1450 1730 venit.
1497 1608 1617 1729 seg
1649 1667 1992 1729 celebritas
2030 1667 2168 1748 ejus
2205 1665 2448 1740 effecit,
2493 1681 2576 1731 ut

611 1748 878 1811 alterius
919 1748 1266 1832 ignotioris
1303 1749 1690 1811 Hamilcaris
1729 1762 1866 1809 acta
1907 1749 2575 1823 Barcae‘Hamilcari‚

612 1829 897 1893 omnium
916 1873 933 1902 ‚
979 1830 1090 1915 qui
1122 1830 1247 1892 boc
1267 1831 1529 1893 nomine
1547 1831 1835 1903 fuerunt,
1876 1830 2289 1904 nobiliffimo,
2319 1828 2578 1892 adscri-

610 1911 947 1975 berentur.
1013 1913 1349 1975 Succeffor
1381 1913 1583 1997 igitur
1608 1911 1946 1975 Hannonis
1973 1911 2321 1985 Hamilcar,
2363 1911 2579 1994 pede-

611 1991 723 2055 stri
753 1993 979 2078 utique
1003 1994 1293 2055 exercitu
1312 1997 1639 2056 Romanos
1655 1995 1766 2056 lon
1816 2013 1853 2053 e
1872 1994 2249 2076 superiores
2273 1994 2399 2055 effe
2421 2000 2580 2055 c'er-

611 2076 813 2147 nens,
857 2075 1363 2136 mediterraneas
1401 2076 1669 2159 quidem⁸
1691 2095 1773 2134 ur
1818 2094 1891 2136 es
1914 2075 2124 2136 nullas
2159 2072 2433 2136 audebat
2453 2073 2579 2135 ad-

615 2155 836 2242 gredi,
882 2176 1096 2240 neque
1126 2176 1205 2217 ex
1229 2156 1397 2220 locis
1424 2155 1741 2219 montosis
1788 2169 1854 2217 et
1885 2153 2104 2217 arduis
2137 2157 2207 2217 in
2280 2156 2419 2216 lana
2448 2157 2578 2218 de-

614 2236 966 2300 scendere:
1031 2235 1148 2298 sed
1183 2237 1371 2299 claffe
1409 2237 1664 2302 validus
1695 2280 1712 2311 ,
1768 2259 1890 2321 qua
1929 2237 2098 2298 haud
2135 2236 2176 2299 d
2267 2237 2329 2299 ie
2369 2239 2582 2300 maris

613 2319 958 2403 imperium
986 2319 1310 2392 tenebant,
1355 2342 1432 2384 ea
1505 2334 1643 2381 arte
1661 2320 1898 2382 virium
1926 2318 2098 2380 haud
2117 2339 2187 2381 se
2279 2319 2408 2381 iter
2424 2333 2582 2382 ute-

612 2399 840 2474 batur,
882 2399 1195 2496 miss‘oque
1224 2400 1461 2464 iterum
1543 2400 1838 2462 annibale
1869 2399 1949 2460 ad
1969 2399 2173 2463 Vastan
2223 2422 2319 2461 am
2338 2401 2584 2465 ltaliae

617 2502 795 2544 oram
817 2525 836 2555 ‚
881 2480 1019 2565 ipse
1050 2482 1264 2544 Sicula
1299 2482 1494 2545 litora
1531 2482 2002 2545 circumvectus
2025 2524 2042 2551 ,
2088 2482 2397 2567 pleraque
2434 2504 2582 2545 ma..

314 2551 548 2638 R⁰3⁸⁶¹⁸3
616 2563 830 2624 ritima
844 2564 1009 2637 loca,
1099 2583 1217 2625 uae
1247 2566 1556 2626 Romanis
1582 2583 1729 2626 sese
1762 2563 2198 2643 adjunxerant,
2238 2563 2430 2625 facile
2457 2586 2581 2627 re-

273 2625 596 2753 mittam}
622 2644 977 2740 cupqravit.
1049 2584 1192 2740 {aa
1228 2668 1302 2707 re
1333 2645 1562 2717 fiebat,
1608 2659 1717 2717 ut,
1753 2645 2060 2707 Romanis
2093 2646 2236 2708 loca
2265 2649 2495 2729 procul
2535 2671 2582 2711 a

280 2761 565 2813 man-,ima
620 2747 781 2787 mari
818 2740 1063 2787 remota
1085 2768 1103 2799 ‚
1163 2729 1408 2790 Poenis
1444 2726 1722 2790 litoralia
1756 2740 1822 2788 et
1857 2726 2318 2809 occupantibus
2349 2727 2582 2803 facile,

282 2831 402 2881 loca
453 2828 594 2895 [ηε.
623 2821 690 2869 et
727 2806 1054 2868 tuentibus
1074 2849 1091 2880 ,
1135 2830 1342 2893 aequo
1364 2810 1689 2894 utrimque
1712 2822 2033 2869 momento
2057 2829 2206 2892 spes
2226 2822 2585 2892 metusque

281 2899 399 2950 lius
450 2907 595 2949 tuen·
621 2889 1050 2962 librarentur,
1092 2911 1305 2987 neque
1341 2891 1535 2952 facile
1559 2933 1576 2964 ‚
1637 2910 1840 2975 penes
1876 2903 2089 2950 utrum
2124 2890 2435 2974 populum
2465 2905 2585 2954 to..

286 2971 406 3020 tun·
441 3034 446 3043 f
620 2971 753 3032 tius
787 2969 947 3031 belli
978 2971 1254 3034 victoria
1289 2973 1447 3034 ess'et
1478 2973 1726 3045 futura,
1769 2969 2300 3056 judicariposs'et.

692 3120 776 3176 Ca
821 3160 838 3174 .
851 3121 996 3176 LXI.
1033 3120 1301 3176 Frontin.
1321 3117 1394 3172 de
1411 3118 1905 3192 Aquaeductibus.
1942 3117 2191 3176 Diodor.
2211 3123 2492 3187 Zonaras,
2510 3135 2588 3180 et

543 3298 568 3319 ,
625 3189 751 3313 gi?
778 3190 1050 3328 legg-3,
1073 3191 1163 3249 26.
1198 3191 1380 3248 Corn.
1399 3191 1595 3262 Nepos
1609 3188 1670 3243 in
1689 3188 1935 3245 Hamilc.
1969 3207 2021 3245 c.
2046 3208 2096 3245 ι.
2149 3190 2355 3262 Polyb.
2380 3192 2587 3249 Zona-
