2717 4659
603 152 919 222 mssm
1002 102 1925 226 ΒΕΡΤιΜιιῖΕοιΜι.

2211 159 2338 233 ιόι

171 391 426 456 consul
444 437 471 474 ,
543 409 773 475 quum
813 390 886 456 in
929 390 1172 455 locum
1217 390 1547 477 iniquum
1571 440 1595 476 ,
1660 415 1711 458 a
1748 396 2005 460 Poenis
2042 397 2350 459 circum·

165 532 457 581 sessum
484 562 513 599 ,
600 522 865 581 temere
911 512 1244 604 duxisset
1273 520 1684 583 ‚exercitum
1708 564 1733 603 ,
1809 523 1914 591 Μ
1986 521 2348 605 Calpurnii

163 640 437 706 tribuni
491 641 813 707 militum
838 621 1106 707 Uirtute
1142 646 1210 706 et
1257 658 1469 723 opera
1516 642 1789 711 euasit:
1832 645 1989 731 qui,
2019 666 2186 710 cum
2209 653 2346 712 tre·

169 768 387 831 centis
431 766 790 833 militibus
836 765 1194 849 eruptione
1233 763 1445 846 facta
1468 811 1493 848 ,
1560 764 1799 834 hostes
1843 770 1913 835 in
1954 788 2029 834 se
2065 791 2345 838 conver-

169 898 382 957 terat.
495 891 864 959 Hannibal
914 888 1076 959 dux·
1116 890 1579 975 Poenorum,
1612 938 1619 951 .
1652 895 1851 960 victa
1888 896 2169 983 classe,
2224 899 2346 965 cui

157 1177 503 1236 ATILIVS
549 1178 1000 1237 CALATINVS
1049 1192 1219 1233 voca-

153 1257 273 1301 tur.
311 1250 392 1302 V.
417 1244 496 1300 ad
522 1246 674 1301 Livii
700 1249 754 1312 5,
777 1249 925 1312 13‚3.
980 1248 1128 1302 Tum
1155 1248 1223 1303 in

153 1315 369 1373 locum
398 1333 438 1369 a
466 1315 699 1371 Poenis
730 1315 1221 1380 circumsessum»

161 1383 361 1436 omill'o
423 1383 523 1438 ini
567 1403 745 1448 mim,
784 1384 924 1441 Exc.
963 1383 1219 1441 Pitheci.

158 1452 417 1523 Insuper
446 1468 489 1504 a
573 1453 745 1507 oenis
778 1454 845 1508 in
875 1452 1078 1508 locum
1109 1453 1224 1508 cir-

158 1538 548 1576 cumsessum
600 1522 775 1591 Berg.
831 1522 897 1575 in
945 1520 1153 1577 locum
1184 1538 1222 1574 a

153 1590 384 1646 Poenis
425 1589 744 1646 obsessum
787 1588 989 1642 Lovel.
1034 1590 1100 1644 in
1132 1587 1217 1644 lo-

160 1676 299 1713 cum
322 1654 420 1711 ini
467 1678 618 1712 uum
637 1675 687 1719 „a
710 1656 935 1712 Poenis
960 1659 1217 1713 circum-

161 1733 408 1796 septum
478 1724 597 1779 eid.
638 1722 855 1778 Eadem
874 1724 1102 1778 ratione
1118 1724 1217 1780 ob-

159 1811 359 1849 sessus
427 1805 491 1847 et
539 1793 828 1863 obseptus
870 1793 1213 1864 permutari,

165 1878 338 1932 supra
358 1861 614 1913 vidimus
643 1860 718 1913 ad
748 1878 802 1929 9,
824 1862 989 1927 43,8.
1030 1864 1102 1914 V.
1138 1871 1217 1916 et·

162 1928 271 1981 iam
292 1927 600 1993 Gebhad
626 1926 753 1981 Liv.
786 1945 872 1995 υ,
902 1929 991 1995 38,
1012 1930 1067 1984 8.
1109 1931 1216 1982 Ζο-

163 2014 328 2050 naras
349 2008 575 2064 autem,
607 1997 754 2049 hanc
771 1994 1059 2051 historiam
1088 2014 1217 2050 nar-

158 2081 314 2129 rans),
337 2065 393 2119 8.
411 2068 569 2118 Ann.
596 2087 678 2122 12.
702 2062 907 2129 refert,
927 2065 1217 2117 Romanos

165 2132 424 2187 incidiffe
480 2132 535 2185 ἐς
586 2132 794 2203 Χωρία
846 2133 1215 2195 προλελοχι-

165 2202 379 2269 σμένα,
412 2203 484 2258 ἰη
515 2200 656 2257 loca
688 2199 940 2256 insidiis
969 2217 1217 2271 praeoc-

163 2277 392 2343 cupata
427 2292 448 2324 .-
535 2268 629 2321 cui
712 2269 1214 2350 circumseptum,

162 2357 331 2411 quam
351 2339 849 2404 circumsessum,
876 2354 1056 2410 magis
1080 2353 1211 2388 con-

156 2407 358 2460 venire
390 2405 655 2460 videtur.
695 2405 964 2462 Frontin.
987 2422 1129 2459 vero
1165 2427 1213 2469 1,

156 2475 207 2539 ὅ,
227 2477 310 2530 ι5.
344 2485 407 2528 et
421 2478 483 2542 4,
511 2474 568 2543 5,
593 2492 673 2526 ιο.
704 2473 1102 2528 Romanorum
1123 2489 1212 2524 ex-

161 2544 406 2596 ercitum
447 2541 507 2594 in
544 2541 757 2595 vallem
799 2540 1091 2595 demiffum
1130 2539 1212 2593 di-

158 2612 257 2675 xit,
295 2609 484 2684 cujus
519 2609 728 2665 latera
763 2612 1087 2684 omniaque
1117 2628 1215 2664 su·

159 2681 408 2750 periora
437 2678 636 2733 hostis
667 2677 1003 2734 insederat.
1054 2678 1213 2730 Insu-

203 2766 268 2803 er
291 2747 647 2803 exercitum
664 2746 949 2802 duxisset
973 2745 1087 2800 alio
1116 2764 1213 2799 or·

201 2818 293 2870 'ne
322 2819 503 2886 Berg.
531 2814 735 2868 Lovel.
758 2824 815 2868 et
839 2812 1065 2868 Boend.
1106 2815 1210 2869 Ce-

161 2896 351 2939 terum
382 2882 578 2937 omnia
607 2881 752 2936 haec
788 2882 969 2936 verba
989 2922 1004 2948 ‚
1053 2892 1118 2934 ut
1153 2892 1211 2935 et

161 2951 466 3024 sequentia
491 2967 673 3021 usque
703 2950 776 3004 ad
793 2953 860 3006 in
884 2970 946 3007 se
968 2968 1209 3007 conver·

162 3028 346 3087 terat,
382 3020 508 3073 sive
525 3037 595 3072 us
682 3037 711 3072 e
735 3018 806 3074 ad
824 3019 995 3073 finem
1016 3018 1207 3091 perio-

163 3088 239 3159 di,
276 3086 572 3143 desuutin
650 3087 750 3142 off.
771 3088 1080 3142 etHearnii
1099 3087 1170 3143 N.

195 3315 294 3370 M.
327 3309 662 3379 Calpurnii
684 3309 922 3367 tribuni
937 3309 1212 3366 militum

165 3384 394 3437 uirtute
439 3387 503 3434 et
544 3398 730 3450 opera
767 3379 996 3439 evasit]
1046 3380 1214 3429 Hunc

165 3449 204 3502 l.
255 3467 323 3503 π
343 3486 361 3514 ,
419 3449 559 3513 [60,
616 3454 739 3508 11.]
808 3445 1213 3528 Calpurnium

167 3517 514 3576 Flammam
541 3516 802 3568 nominat
818 3514 1045 3569 Livius:
1076 3531 1213 3567 eun-

167 3585 290 3640 dem
321 3586 394 3661 Q.
414 3581 773 3640 Caedicium
785 3583 948 3650 Cato,
982 3582 1079 3637 alii
1094 3583 1214 3638 La·

167 3655 407 3710 berium
428 3653 824 3725 appellarunt·
859 3662 1065 3706 auctor
1081 3649 1213 3703 Gel-

165 3723 275 3775 lius
312 3726 365 3787 3,
419 3740 477 3788 7.
534 3722 678 3776 SIG.
739 3720 1006 3790 Μάρκος
1050 3717 1214 3775 Ka).-

167 3790 456 3861 πούρνιω
491 3790 663 3843 etiam
683 3799 928 3842 vocatur
954 3790 1215 3842 zonarae

167 3861 220 3917 8.
239 3863 393 3914 Ann.
413 3860 496 3914 13.
513 3863 608 3915 M.
629 3857 1001 3929 Calpurnius
1018 3855 1241 3911 Flam··

172 3949 271 3985 ma
326 3927 524 3981 Plinio
579 3945 673 3992 22,
725 3932 778 3981 (ι.
845 3924 1216 3996 Calpurnius

175 3997 453 4053 Flamma
492 3996 673 4049 Floro
709 4015 760 4059 2,
797 4010 824 4045 ἰ
848 4029 865 4058 ,
900 3995 982 4048 ι3.
1019 4010 1217 4046 secun-

174 4063 306 4119 dum
321 4066 596 4120 Frontin.
615 4063 762 4119 locis
773 4059 930 4117 raud.
951 4061 1217 4152 alapa-

1291 1156 1552 1243 berium,
1567 1178 1855 1235 nonnulli
1872 1181 1945 1259 Q.
1965 1146 2335 1251 Caeditium,

1289 1246 1552 1319 plurimi
1569 1247 1974 1320 Calpurnium
1996 1251 2042 1306 F
2039 1252 2339 1309 lammam

1287 1317 1639 1403 vocitatum.
1660 1318 2061 1389 scripserunt.

1363 1524 1516 1578 Cum
1545 1523 1834 1578 trecentis
1865 1523 2175 1581 militibus
2203 1544 2338 1581 eru-

1287 1593 1498 1664 ptione
1517 1590 1731 1661 sacta,
1768 1588 1973 1646 hostes
2009 1593 2072 1648 in
2106 1612 2170 1648 se
2200 1613 2336 1649 con-

1289 1666 1558 1714 verterat
1584 1664 1604 1717 ]
1686 1677 1822 1712 cum
1876 1663 2337 1733 qualringentis

1285 1727 1599 1782 militibus
1616 1723 1841 1778 Boend.
1863 1737 2006 1798 quot
2026 1728 2136 1798 ipsi
2163 1729 2336 1782 etiam

1285 1795 1494 1848 tribuit
1510 1795 1678 1857 Catu,
1704 1796 1839 1846 teste
1863 1794 2056 1849 Gellio
2074 1799 2128 1866 3,
2148 1816 2195 1859 7.
2218 1796 2336 1851 Sed

1285 1862 1501 1934 reliqui
1548 1863 1871 1915 constanter
1918 1866 2207 1920 trecentis
2253 1865 2335 1916 le-

1286 1942 1428 2003 gunt
1446 1968 1463 1994 ,
1514 1929 1724 2000 quibus
1771 1929 2185 2000 adstipulantur
2235 1931 2333 1985 alii

1286 1998 1603 2069 scriptores
1626 2033 1642 2055 ,
1699 1996 1796 2068 (sui
1847 1998 2014 2061 huius
2067 1999 2333 2052 historiae

1285 2066 1695 2120 meminerunt.
1736 2068 1883 2118 Tum
1917 2065 2156 2123 hostem
2186 2068 2251 2122 in
2269 2086 2333 2122 se

1287 2140 1673 2190 converterat
1714 2134 1890 2206 Berg.
1928 2133 2134 2190 hostes
2169 2138 2234 2190 in
2268 2154 2333 2190 se

1286 2200 1824 2258 comertiffloend.
1856 2213 2028 2275 atque
2043 2201 2178 2256 edd.
2196 2214 2329 2257 ante

1286 2272 1527 2326 Gruter.
1567 2268 1700 2322 anni
1743 2272 1891 2325 1628.
1933 2272 2094 2340 cujus
2127 2271 2326 2324 lectio-

1284 2356 1419 2392 nem
1435 2344 1821 2393 converterat
1839 2350 2075 2395 servant
2091 2338 2254 2394 Leid.
2271 2350 2330 2393 et

1282 2406 1484 2460 Lovel.
1542 2405 1815 2482 Quamvis
1846 2418 2038 2460 autem
2068 2406 2329 2462 eamdem

1284 2474 1457 2529 etiam
1477 2471 1764 2527 Gronovii
1792 2475 2121 2546 probarint,
2145 2475 2325 2529 Cleri-

1285 2560 1383 2596 cus
1394 2553 1607 2607 tamen,
1626 2540 1985 2597 Freinshem.
2005 2542 2328 2611 etDoujatii

1284 2610 1570 2682 exemplo,
1594 2613 1896 2668 convertit
1912 2611 2231 2667 revocavit.

1347 2828 1581 2886 Atilius
1598 2829 1884 2916 Regulus
1899 2832 2134 2901 consul,
2148 2835 2325 2890 victis

1279 2897 1494 2953 navali
1518 2900 1753 2971 proelio
1783 2901 2031 2968 Poenis,
2067 2903 2133 2957 in
2161 2901 2323 2972 Afri·

1280 2986 1418 3021 cam
1456 2966 1738 3040 trajecit]
1779 2970 1935 3022 Haec
1962 2969 2143 3023 verba
2171 2972 2323 3023 Gru·

1278 3043 1440 3087 terus
1465 3035 1524 3087 in
1547 3036 1830 3105 postrema
1861 3035 1952 3090 ed.
1989 3035 2061 3090 ad
2083 3055 2321 3108 sequen-

1280 3112 1400 3157 tem
1415 3096 1724 3174 E‘pitomen
1741 3102 1958 3171 retulit,
1981 3115 2056 3172 et,
2089 3106 2323 3167 resectis

1282 3170 1406 3238 ejus
1430 3170 1630 3224 verbis
1645 3171 1960 3227 initialibus
1975 3166 2338 3230 AtiliusRe-.

1279 3238 1475 3310 gulus
1501 3240 1715 3296 consul
1733 3242 1797 3295 in
1815 3238 2051 3311 Africa,
2086 3261 2214 3294 cum
2237 3260 2324 3295 se.

1283 3306 1595 3377 quentibus
1616 3311 1929 3379 conjunxit,
1951 3309 2323 3382 interponen-

1284 3378 1360 3431 do
1389 3374 1624 3429 voculas
1662 3385 1722 3430 et
1768 3377 1877 3432 ibi.
1935 3379 1993 3431 in
2031 3395 2147 3447 quo
2184 3378 2326 3449 quin

1284 3443 1456 3499 codd.
1485 3461 1618 3496 suos
1645 3455 1873 3498 secutus
1905 3446 2100 3511 suerit,
2136 3447 2324 3500 nullus

1284 3513 1512 3579 dubito,
1550 3529 1728 3580 quum
1757 3514 2000 3567 similem
2030 3515 2213 3568 ferme
2243 3516 2324 3568 lez-

1284 3582 1536 3634 ctionem
1562 3581 1854 3635 inveniam
1873 3582 1932 3635 in
1960 3581 2120 3636 Leid.
2148 3585 2322 3656 Berg.

1284 3660 1342 3703 et
1375 3649 1575 3704 Lo.el.
1610 3649 2093 3720 quomadmodum
2123 3662 2327 3706 contra
2414 3696 2423 3707 .

1325 3718 1580 3772 rioribus
1614 3716 1745 3770 edd.
1772 3719 2134 3773 consentiunt
2150 3725 2324 3776 Voss.

1337 3784 1487 3839 oend
1535 3797 1590 3839 et
1605 3787 1843 3839 Hearnii
1864 3789 1933 3840 N.
1972 3789 2222 3842 Priscam
2243 3789 2324 3842 le-

1285 3854 1567 3919 ctionem,
1609 3872 1814 3925 quam‚
1856 3854 2326 3929 adstipulantibus

1285 3922 1560 3988 Doujatio
1598 3932 1654 3974 et
1702 3922 1965 3990 clerico,
2023 3927 2327 3980 Freinshe-

1286 3991 1435 4043 mius
1459 3989 1716 4055 reduxit,
1755 3992 2017 4058 servavi,
2059 4012 2175 4046 non
2206 4004 2326 4046 tan·
2410 4046 2417 4051 ,

1285 4070 1409 4115 tum
1442 4070 1505 4114 ut
1534 4059 1612 4113 ita
1639 4060 1982 4115 conveniret
2012 4062 2165 4115 inter
2193 4061 2328 4132 Epi-
