2717 4659
564 158 653 219 m
692 153 991 218 LOCUM
1031 160 1190 219 LIB.
1223 158 1358 220 XII.
1402 158 1625 223 LIVII.
1787 193 1798 204 -
1985 157 2067 238 32)

258 362 383 423 XX.
432 362 590 426 Inde
622 364 958 428 confestim
984 364 1062 425 ad
1089 364 1324 426 bellum
1367 364 1792 448 adparandum
1820 365 2065 447 ingenti
2121 370 2191 424 U.
2209 388 2261 423 c.
2278 369 2399 437 4¹⁷5·
2437 390 2442 397 ·

166 440 330 504 studio
363 445 584 507 versus
607 489 625 518 ‚
702 447 955 509 navium
1003 448 1334 528 longarum
1389 467 1685 529 magnum
1733 467 2066 508 numerum
2126 440 2379 510 Pyrrh„

169 526 502 609 complevit3
545 529 699 589 alias
726 544 1087 612 praeterea,
1132 527 1365 609 quibus
1404 528 1554 610 equi
1576 529 1830 611 virique
1860 542 2064 589 trans·
2094 511 2402 579 ⁶⁸¹²“'“⁰P·

170 620 572 688 pertarentur‚
618 608 981 671 adornavit:
1053 608 1256 693 pleris
1306 629 1387 670 ue
1422 610 1778 690 legatorum
1816 610 2065 671 Italico-
2090 589 2286 651 ‘arn'

175 708 310 758 rum,
352 710 480 773 quo
522 688 641 750 sub
682 691 904 774 specie
945 689 1223 751 honoris
1254 709 1292 749 o
1339 688 1534 750 lidum
1574 692 1784 752 vicem
1825 691 2066 751 retine-

178 781 276 840 ret,
331 769 397 829 in
441 769 702 832 delectu
749 772 996 854 agendo
1046 771 1382 855 copiisque
1422 770 1858 832 conducendis
1895 770 2064 842 usus,

177 862 382 910 ceteros
417 871 566 911 cum
601 852 810 914 tribus
843 866 1225 914 armatorum
1261 852 1583 925 millibus„
1648 852 1864 914 addito
1888 895 1908 926 ‚
1957 851 2069 936 qui
2147 907 2156 918 ,

170 931 441 1011 pmeess'et
464 975 481 1005 ,
553 934 788 1007 Cinea,
857 939 1201 995 Tarentum
1240 934 1593 1016 praemisit.
1682 936 1932 994 Horum
1959 932 2067 994 ad·

169 1026 324 1072 ventu
355 1034 506 1096 spes
538 1016 715 1098 pacis
751 1016 1036 1099 abrupta,
1081 1015 1452 1097 abrogatum
1481 1016 1675 1097 Agidi
1703 1015 2067 1098 imperium,

170 1094 341 1152 etuni
384 1114 643 1168 eorum,
675 1134 680 1147 ·
710 1097 820 1179 qui
878 1118 957 1157 ex
1011 1097 1330 1178 legatione
1381 1095 1750 1168 redierant,
1803 1096 2069 1158 decreto

166 1174 351 1311 populi
381 1175 599 1237 datum
620 1175 732 1239 est.
795 1183 1017 1261 Neque
1053 1178 1252 1238 multo
1286 1175 1422 1260 post
1455 1177 1669 1239 miss'us
1699 1200 1733 1237 a
1760 1198 1918 1260 rege
1945 1177 2069 1237 Mi-

187 1274 218 1312 ο
247 1249 644 1318 Τπθηῐῖηειπι
676 1279 892 1320 arcem
929 1258 1202 1321 firmavit
1230 1256 1567 1342 praefidio‘,
1612 1271 2070 1340 murorumque

169 1334 469 1400 custodiam
513 1351 580 1399 et
618 1340 877 1401 tutelam
909 1341 1034 1401 sibi
1080 1340 1501 1423 depoposcit:
1561 1341 1915 1423 gratulante
1948 1341 2068 1401 im-

166 1419 337 1497 perita
364 1420 809 1494 multitudine,
857 1422 1030 1517 quod
1062 1442 1264 1505 penes
1302 1419 2072 1504 peregrinos-molestiam

167 1510 218 1558 et
245 1499 488 1562 labores
540 1502 670 1563 ess'e
696 1545 714 1573 ,
782 1502 908 1564 sibl
960 1504 1163 1563 otium
1207 1518 1352 1563 cum
1394 1503 1738 1563 securitate
1775 1504 2072 1563 relietum

167 1579 534 1643 existimabat.
589 1604 837 1645 annona
866 1585 1066 1668 igitur
1103 1584 1437 1656 militibus,
1488 1584 1766 1667 pecunia
1796 1583 2068 1665 Pyrrho,

161 1660 419 1725 alacriter
460 1663 746 1727 decreta.

259 1787 414 1847 XXI.
463 1791 716 1848 interea
750 1789 827 1848 L.
863 1788 1210 1862 Aemilius,
1257 1787 1664 1847 transmarini
1701 1786 1923 1847 militis
1957 1786 2068 1846 ad-

166 1881 326 1926 ventu
351 1869 615 1949 cognito
642 1913 657 1940 ,
705 1889 832 1952 quo
876 1870 1219 1929 tutioribus
1260 1868 1431 1928 locis
1475 1868 1892 1949 hybernaret,
1960 1889 2069 1928 ex·
2205 1907 2240 1944 χ

169 1948 400 2007 ercitum
444 1950 513 2009 in
563 1951 904 2011 Lucaniam
942 1950 1363 2010 transducere
1400 1948 1683 2010 instituit.
1754 1953 1910 2010 Erat
1943 1950 2073 2010 iter

167 2048 261 2108 per
290 2028 579 2111 angustos
625 2024 1175 2113 quosdam'calles
1205 2074 1221 2105 ‚
1274 2051 1457 2114 ‚quos
1516 2029 1592 2091 ab'
1646 2033 2071 2113 alter-aparte
2161 2057 2174 2084 2

202 2125 511 2193 raeruptae
550 2112 889 2195 inviaeque
927 2133 1121 2195 rupes
1145 2158 1161 2186 ,
1217 2112 1294 2180 ab
1349 2112 1548 2173 altera
1588 2134 1761 2173 mare
1816 2110 2071 2185 claude-

203 2204 327 2251 antt
395 2207 461 2253 et
513 2192 848 2254 intellecto
899 2194 1078 2255 ducis
1125 2193 1402 2269 Romani
1443 2193 1699 2254 confilio
1739 2192 2074 2253 Tarentini

170 2290 329 2333 naves
371 2274 828 2357 scorpionibus
871 2289 935 2336 et
974 2271 1233 2336 ballistis
1277 2273 1609 2352 instructas
1662 2275 2075 2337 admoverant

171 2349 348 2427 litori,
388 2356 661 2430 militem
706 2375 790 2415 ue
819 2377 937 2439 per
977 2370 1188 2420 arctos
1220 2370 1283 2417 et
1315 2356 1950 2420 obnoxios‘tramites
1974 2353 2073 2413 in-

172 2432 465 2496 cedentem
504 2378 843 2497 miss'ffibus
886 2431 1299 2521 impetebant.
1364 2437 1679 2499 Aemilius
1729 2436 1896 2497 viam
1941 2433 2072 2497 vir·
2138 2445 2364 2499 Aemae'tz'a‘

175 2515 270 2574 tuti
292 2532 579 2600 negatam
605 2516 734 2590 astu
769 2519 1097 2602 explicuit,
1144 2515 1437 2601 captivis,
1484 2541 1645 2601 quos
1678 2520 1745 2579 in
1785 2518 2076 2578 ultimum
2093 2516 2348 2584 strangt·

174 2614 360 2675 agmen
407 2599 767 2682 rejecerat,
828 2601 1026 2661 latera
1086 2614 1469 2684 praetexens
1514 2595 1849 2671 ordinum,
1912 2616 2074 2680 quae
2104 2598 2216 2636 Μ’·

173 2677 418 2814 periculo
473 2681 797 2765 patebant.
896 2683 1146 2741 Horum
1214 2680 1653 2742 misericordia
1718 2677 2074 2749 Tarentini„
2177 2713 2184 2722 =

207 2778 291 2817 um
323 2782 468 2823 suos
498 2762 704 2823 ferire
737 2776 1048 2836 metuunt,
1094 2762 1285 2848 etiam
1311 2758 1590 2821 hostibus
1620 2771 2074 2848 pepercerunt.
2157 2815 2164 2824 ,

171 2834 317 2900 Haec
347 2842 558 2904 ferme
600 2864 679 2905 eo
714 2865 877 2904 anno
919 2844 1000 2904 ad
1037 2847 1386 2904 Tarentum
1469 2840 1611 2903 esta.
1657 2845 1896 2904 Romae
1918 2859 2078 2901 vero

177 2919 231 2977 C.
261 2922 582 3006 Fabricius
624 2924 940 2986 Luscinus
966 2968 981 2996 ‚
1049 2925 1260 3008 quiin
1304 2944 1427 2985 con
1453 2924 1631 2984 'ulatu
1674 2943 1789 2984 suo
1834 2919 2079 3004 Samni·

175 3010 251 3060 tes
281 3006 562 3066 Bruttios
611 3027 691 3067 ue
725 3020 790 3068 et
830 3009 1122 3067 Lucanos
1208 3004 1493 3066 raeclare
1534 3004 1807 3075 vicerat,
1855 3003 2083 3063 trium·-

178 3080 342 3161 phans
368 3088 594 3171 Capito
623 3087 753 3150 ium
773 3087 1087 3169 ingrell'us
1129 3030 1255 3154 eft,-
1295 3083 1738 3169 Eumdemque
1767 3085 2084 3145 honorem

176 3180 275 3240 npn
302 3166 385 3230 ita
418 3168 640 3230 multis
724 3166 815 3231 ost
836 3169 1066 3232 diebus
1102 3167 1183 3263 Q.
1207 3168 1488 3242 Marcius
1530 3166 1748 3228 consul
1782 3164 2082 3236 obtinuit,

180 3261 240 3302 ex
259 3249 506 3311 Etruria
528 3293 549 3323 ,‚
591 3271 665 3311 re
715 3273 788 3325 us
829 3252 920 3314 ibi
952 3248 1271 3335 prospere,
1301 3246 1514 3332 gestis,
1543 3247 1864 3312 reversus».
1903 3244 2085 3338 Quae

179 3342 296 3387 eum
324 3333 557 3404 cauffa,
601 3331 776 3394 bello
811 3339 1089 3396 Etrusco
1123 3328 1407 3391 nondum
1440 3327 1663 3398 finite,
1714 3348 1791 3389 ex
1818 3326 2086 3411 provin-

183 3405 257 3470 cia
283 3414 720 3486 revocaverit,
760 3411 1063 3499 tempere¹
1097 3413 1344 3482 alieno,
1394 3410 1589 3489 (nam
1628 3408 1963 3474 Fabricius
2005 3408 2087 3469 A.

182 3486 246 3550 D·
271 3494 365 3555 ΠΙ.
397 3499 614 3572 Nonas
652 3497 914 3560 Martias
945 3489 1410 3577 triumphavit)
1450 3513 1581 3553 non
1612 3490 1920 3553 traditur:
1968 3510 2092 3571 ego

184 3575 409 3638 accitum
434 3598 468 3637 a
506 3590 729 3648 senatu
753 3578 1056 3657 coniici0,
1146 3575 1211 3634 ui
1248 3587 1406 3662 tum,
1434 3573 1908 3657 exspectatione
1934 3577 2092 3655 Pyr-

188 3651 268 3713 rhi
293 3659 633 3734 sollicitus,
676 3658 986 3744 praesidia
1024 3597 1306 3740 undique
1343 3654 1789 3739 conquirebat.
2095 3669 2103 3680 ‘

280 3761 461 3827 xxu.
503 3771 665 3830 Nam
706 3777 774 3829 et
820 3784 902 3826 eo
933 3764 1216 3846 primum
1250 3776 1587 3858 tempore,
1647 3783 1841 3844 quum
1865 3807 1881 3836 ,
1925 3751 2097 3826 tanta
2184 3810 2190 3816 .

190 3842 429 3931 undique
450 3850 615 3911 belli
640 3833 817 3911 mol·
846 3859 1071 3910 coorta
1088 3887 1107 3918 ,
1151 3845 1495 3928 imperium
1526 3843 1822 3928 pluribus
1847 3843 2096 3908 exerci-

198 3939 831 3978 -ᾕ--ζῄ

248 3991 371 4064 Cap.
388 3999 504 4052 XX.
542 3997 914 4066 Pausandn.
952 4000 1228 4052 Zonaras.
1267 3995 1433 4049 Plut..
1457 3997 1731 4050 Zonaras.
1782 3995 1926 4066 Gap.
1947 3995 2097 4049 xxl.
2167 4063 2170 4064 ⁷

197 4055 832 4156 Frontin.st13ateg.,2‚4.
877 4072 1153 4126 Zonaras.
1195 4064 1551 4138 Fastitcapit.
1963 4065 1978 4076 “
2127 4079 2136 4084 “
