2717 4659
750 218 839 281 m
875 213 1173 281 Locml
1212 214 1373 279 ΗΒ.
1413 214 1585 279 xvt.
1627 213 1852 282 len.
2140 215 2254 284 123

326 420 622 485 claritudo
667 422 982 487 invitavit·
1068 427 1142 489 In
1197 420 1511 486 corneam
1564 441 1642 484 ex
1695 421 1990 485 Sardinia
2040 420 2255 485 facilis

325 504 665 578 transitus,
711 519 778 567 et
801 504 1042 569 insulae
1061 526 1190 567 non
1217 504 1723 588 opulentiffimae
1758 505 2124 589 promptior
2146 523 2258 565 oc·

325 585 583 666 cupatio
619 585 768 647 suit.
824 588 912 648 At
946 588 1014 649 in
1051 587 1274 651 Sicilia
1303 585 1647 651 diutiffime
1675 585 1850 648 varia
1878 586 2136 649 fortuna
2157 584 2255 645 di-

321 666 622 728 micatum
655 666 777 730 est:
816 670 1245 752 maximasque
1283 682 1350 729 et
1386 668 1695 731 victorias
1728 687 1809 730 ex
1837 668 1920 730 iis
1943 667 2156 742 bellis,
2192 679 2259 728 et

318 746 537 810 clades
578 749 788 812 Poeni
827 751 1209 813 retulerunt.

440 909 618 975 Vm.
672 913 757 973 Et
795 908 1079 976 Amilcar
1119 913 1379 996 quidem
1416 912 1749 976 Hannonis
1783 908 1994 986 filius,
2064 933 2258 995 quum
2349 944 2597 999 Amne„

318 1003 616 1053 trecenta
628 991 958 1060 bominum
982 994 1178 1057 millia
1211 996 1277 1056 in
1304 995 1587 1059 Siciliam
1609 994 1994 1079 deportass'et
2010 1036 2026 1067 ,
2071 1016 2105 1053 a
2128 996 2256 1057 Ge·
2282 1012 2554 1067 Hannonis
2563 1015 2620 1069 p,

319 1072 475 1135 lone
512 1073 741 1147 victus,
787 1075 1056 1138 interiit.
1132 1096 1253 1172 qua
1286 1078 1639 1145 calamitate
1670 1075 1959 1161 perculsi
1995 1075 2257 1137 Cartha-

320 1154 650 1237 ginienses
701 1155 1058 1225 abstinuere
1102 1158 1358 1233 Sicilia,
1438 1158 1683 1232 donec,
1753 1157 1835 1219 ab
1863 1155 2256 1239 Aegestanis,

321 1257 490 1320 quos
525 1237 868 1300 Selinuntii
903 1239 1301 1323 premebant,
1346 1240 1616 1314 exorati,
1656 1238 2037 1303 Annibalem
2057 1240 2258 1301 Amil-
2350 1266 2592 1324 Anu-ibat

321 1319 493 1379 caris
528 1317 667 1380 filio
705 1323 1009 1383 Gescone
1051 1335 1266 1385 natum
1310 1322 1675 1384 emiserunt.
1759 1322 1816 1382 is
1839 1365 1855 1393 ‚
1922 1320 2257 1383 Selinunte
2285 1338 2595 1392 GesconisF.

317 1419 395 1461 ac
419 1401 688 1464 Himera
722 1401 957 1464 excisis
978 1445 995 1474 ,
1038 1424 1324 1486 magnam
1363 1405 1597 1466 iterum
1632 1403 1983 1487 potentiam
2016 1402 2258 1464 Poenis

318 1480 389 1543 in
422 1481 649 1545 Sicilia
681 1502 825 1545 com
908 1484 1092 1547 ravit.
1141 1487 1373 1549 Imilce
1406 1489 1500 1548 Le
1548 1485 1767 1558 tinem,
1811 1483 2107 1565 Dionysii
2132 1504 2260 1544 ma-

314 1562 485 1644 joris
515 1565 782 1628 fratrem
854 1586 1199 1650 ucemque‚
1245 1567 1311 1629 in
1352 1570 1506 1633 Sicu
1534 1587 1573 1629 o
1603 1567 1764 1633 mari
1797 1566 1988 1638 vicit,
2030 1586 2260 1627 naves-

319 1655 449 1728 que
504 1646 679 1730 cepit
731 1664 838 1711 aut
892 1647 1196 1732 depress'it
1244 1664 1532 1720 centum,
1605 1651 1895 1730 virorum
1931 1646 2263 1709 interfecit

314 1725 661 1811 plusquam
693 1728 924 1812 viginti
958 1729 1197 1793 milliaz
1238 1734 1465 1793 multas
1512 1730 1773 1792 Siciliae
1810 1728 2102 1791 civitates
2147 1729 2260 1813 ⁰¹²:

317 1809 517 1871 tinuit
548 1831 565 1871 :
619 1825 869 1893 partem
910 1832 1166 1896 quoque
1215 1813 1657 1894 Syracusarum
1695 1811 1888 1895 cepit.
1975 1808 2091 1871 sed
2121 1824 2262 1880 orta

317 1904 600 1975 repente
650 1890 1044 1986 pestilentia,
1113 1908 1252 1957 toto
1304 1895 1514 1957 ferme
1569 1893 1896 1977 absumpto
1948 1891 2259 1964 exercitu,

318 1992 470 2035 cum
501 1993 723 2056 paucis
747 1994 892 2036 eum
913 1975 1358 2059 Carthaginem
1390 1976 1609 2037 redire
1646 1975 1976 2057 compulit.
2034 1977 2262 2057 Neque

314 2067 537 2116 tamen
561 2075 741 2138 spem
767 2057 1028 2121 Siciliae
1065 2058 1471 2153 occupandae
1499 2055 1869 2135 abjecerunt
1885 2054 2115 2127 Poeni,
2147 2054 2263 2116 sed

361 2136 552 2197 aucis
591 2134 732 2219 post
770 2140 952 2199 annis
993 2160 1140 2201 cum
1177 2141 1299 2201 aha
1333 2139 1521 2202 class'e
1553 2140 1931 2199 Hannonem
1960 2135 2263 2198 adversus

315 2157 707 2298 Bionysium
735 2219 980 2283 bellare
1001 2219 1329 2301 jufferunt.
1388 2219 1611 2283 Postea
1630 2223 1967 2302 Magonem
1994 2218 2072 2279 ab
2093 2220 2264 2279 lceta

316 2313 657 2374 vocatum,
727 2315 795 2365 et
834 2301 1068 2388 inffipsa
1094 2302 1217 2378 iam
1264 2303 1648 2384 Syracusana
1683 2302 1844 2363 urbe
1890 2297 2081 2363 eastra
2120 2306 2291 2361 cum'

314 2380 617 2466 peditum
652 2384 977 2467 sexaginta
1020 2384 1303 2447 millibus
1338 2385 1715 2455 habentem,
1763 2383 2104 2445 Timoleon
2132 2380 2262 2460 eje·
2329 2374 2604 2438 Tt'mlem·

318 2463 432 2524 cit.
520 2469 674 2525 Mox
710 2465 1089 2527 Annibalem
1123 2479 1189 2527 et
1205 2466 1601 2528 Amilcarem
1624 2509 1640 2538 ,
1686 2464 2085 2548 septuaginta
2118 2462 2262 2522 mil-

315 2544 402 2605 lia
442 2546 722 2607 militum
768 2545 1161 2610 adducentes
1179 2589 1199 2622 ,
1259 2540 1435 2609 i‘dem
1465 2548 1806 2611 Timoleon
1832 2566 2049 2630 pugna
2078 2543 2260 2618 vicit,

314 2624 670 2711 castrisque
706 2628 902 2690 exuit.

447 2786 560 2850 lx.
607 2789 741 2852 Sed
797 2790 967 2853 haud
1011 2805 1259 2854 temere
1301 2790 1595 2853 velocior
1633 2791 1715 2853 iis
1757 2791 1890 2852 ullo
1930 2789 2104 2851 bello
2133 2809 2265 2849 ma·

311 2867 506 2951 joi-ve
536 2873 886 2936 conversio
912 2869 1232 2945 fortunae,
1277 2892 1464 2955 quam
1498 2872 1799 2937 adversus
1822 2869 2262 2953 Agathoclem,
2290 2886 2626 2959 Agathan,

315 2951 485 3014 faits
529 2954 642 3039 qui
665 2995 683 3027 ,
726 2956 935 3017 victus
966 2958 1033 3016 in
1069 2955 1326 3027 Sicilia,
1371 2953 1658 3018 obsess'us
1695 2952 2051 3034 Syracusis,
2094 2952 2268 3012 nulla
2678 2954 2679 2963 ’

317 3034 627 3107 evidente
671 3058 701 3097 s
752 3057 788 3098 e
818 3037 1076 3110 salutis,
1118 3036 1290 3097 ultro
1323 3036 1685 3097 transduxit
1714 3036 1783 3096 in
1814 3032 2101 3095 Africam
2128 3032 2268 3094 bel·

314 3113 454 3176 lum
479 3156 497 3188 ,
558 3117 646 3178 Ca
756 3118 1078 3202 aginiense
1162 3137 1243 3178 ue
1274 3117 1492 3178 multis
1528 3116 1800 3202 proeliis
1840 3115 2050 3177 victos
2074 3155 2091 3185 ,
2151 3112 2266 3174 de-

316 3198 758 3261 sciscentibus
787 3200 1009 3284 paffim
1052 3200 1126 3261 L·
1177 3199 1335 3281 ybus
1359 3239 1378 3270 ‚
1440 3198 1509 3259 in
1534 3199 1875 3259 maximum
1905 3195 2268 3279 periculum

311 3293 695 3363 metumque
732 3281 1043 3364 conjecit:
1086 3282 1342 3344 domum
1383 3279 1620 3343 deinde
1656 3279 1992 3352 reversus,
2041 3276 2288 3339 Sicilia⁴

312 3371 456 3421 tota
478 3362 745 3443 expulit,
789 3363 997 3426 donec
1031 3384 1212 3425 mors
1245 3361 1448 3445 regis,
1497 3377 1563 3425 et
1594 3382 1672 3425 ex
1702 3382 1777 3423 ea
1812 3359 2061 3430 turbae,
2089 3377 2272 3441 spem

315 3438 563 3504 iterum
591 3442 1112 3530 occaflonemque
1135 3443 1531 3529 repetendae
1565 3441 1967 3529 poss‘ess'ionis
1999 3459 2270 3523 apeme,-
2296 3446 2303 3453 ’

315 3536 498 3587 runt.
577 3524 832 3589 Exinde
859 3569 876 3599 ,
920 3541 992 3588 ut
1033 3526 1312 3588 diximus
1329 3569 1348 3600 ,
1395 3527 1577 3589 vario
1611 3530 1818 3587 Marte
1853 3542 1999 3585 cum
2017 3519 2271 3603 Pyrrho

318 3602 656 3669 bellavere
674 3648 692 3679 ,
739 3609 819 3671 ad
849 3623 1206 3670 extremum
1237 3609 1636 3692 superiores.
1677 3605 1944 3669 Interim
1979 3603 2170 3665 etiam
2201 3602 2273 3663 in

313 3685 452 3746 His
490 3689 634 3750 ania
660 3690 954 3767 civitates
992 3689 1302 3773 quaedam
1327 3688 1774 3775 stipendiariae
1792 3689 2022 3759 factae,
2053 3702 2270 3769 quum,

319 3708 662 3834 Gaditanis
701 3791 892 3856 opem
935 3771 1242 3836 adversus
1272 3779 1523 3834 accolas
1563 3769 1954 3856 petentibus,
1999 3779 2274 3851 cognato
2316 3796 2323 3805 κ

387 3927 537 4002 Cap.
554 3931 687 3984 Vll.
726 3930 923 3986 Justin.
942 3935 995 3999 4,
1018 3949 1068 3998 s,
1140 3930 1287 4003 Cap.
1309 3932 1473 3987 VIII.
1522 3928 1809 3983 Herodot.
1823 3945 1877 3997 7,
1899 3927 2019 3982 165.
2066 3925 2265 3980 Justin.

317 4005 373 4070 4,
393 4021 448 4056 s.
483 3999 735 4057 Diodor.
756 4002 838 4066 ὦ,
854 4002 940 4068 43.
974 3999 1223 4055 Diodor.
1242 4005 1324 4069 14,
1344 4003 1433 4056 60.
1474 3998 1680 4061 justin.
1696 4015 1781 4064 so,
1801 4000 1856 4054 5.
1914 3996 2064 4049 Plut.
2092 3994 2151 4047 in
2170 3993 2265 4047 Ti-

317 4073 464 4127 mol.
480 4087 652 4149 capp.
674 4072 762 4137 24.
785 4080 844 4124 et
863 4068 957 4126 30.
1009 4067 1164 4150 Ibid.
1185 4087 1357 4190 eapq.
1379 4070 1468 4137 37.
1489 4080 1546 4122 et
1560 4070 1649 4148 43.
1723 4070 1866 4138 Cap.
1888 4066 1985 4119 lx.
2016 4062 2148 4145 ‚Lim
2175 4062 2265 4127 28,

312 4144 406 4209 43.
425 4142 625 4198 Jufiin.
641 4157 729 4208 ss,
744 4143 801 4209 4.
817 4150 875 4196 et
893 4157 1016 4212 seq.
1052 4138 1304 4194 Diodor.
1342 4155 1464 4195 .2o.
1487 4138 1683 4190 Justm.
1701 4137 1786 4201 25,
1808 4155 1861 4190 2.
1897 4135 2094 4187 Justm.
2112 4132 2261 4200 445.
2294 4150 2297 4155 ³
