2717 4659
633 197 746 260 156
788 194 1343 283 FRmNsHmm
1386 184 2207 257 surrmuewronnu
2232 146 2528 256 Lmvn.

286 402 424 458 U.c.
440 402 564 473 493.
626 416 890 486 proram
919 398 1395 464 demittebatur.
1464 411 1600 463 tum
1618 440 1636 473 ,
1682 394 1938 480 quoties
1970 396 2308 459 voluiffent
2325 441 2342 471 ‚
2382 411 2577 459 attra-

375 494 535 549 Usus.
628 496 735 545 cto
777 482 932 545 fune
953 524 970 555 ,
1016 481 1111 545 eri
1163 482 1388 545 ebatur
1416 480 1581 555 scala
1603 521 1620 552 ‚
1667 478 1923 540 remiss'o
1955 478 2183 545 ruebat
2201 522 2220 552 ,
2349 478 2580 562 idquid

458 580 470 587 ·
630 564 1027 659 compreben
1077 564 1090 578 ⁹
1148 577 1244 637 et,
1288 559 1518 625 infesto
1550 560 1759 623 ferrei
1793 556 1928 640 styli
1958 560 2250 625 acumine
2328 557 2578 644 efigens

607 652 695 708 'et
728 664 1041 708 vmciens.

750 776 888 841 Vn.
947 778 1125 846 Inter
1155 774 1315 838 haec
1347 775 1418 838 C.
1452 773 1717 837 Duilius.
1749 770 1998 845 consul,
2025 839 2029 843 ,
2065 771 2346 856 pedestri
2389 794 2580 835 exer·
2626 844 2632 854 .

625 857 759 918 citu
808 855 1087 918 tribunis
1132 848 1408 930 tradito,
1474 856 1553 917 ad
1585 875 1779 919 naves
1812 854 2029 917 venit:
2089 855 2579 938 intellectoque,
2666 890 2673 899 =

622 941 692 999 M
730 939 927 999 lai'ten
945 937 1279 1022 ‘regionem
1300 938 1378 1000 ab
1397 937 1574 1000 hoste
1611 934 1852 1009 vastari,
1897 955 2042 996 cum
2070 935 2363 999 universa
2390 936 2582 998 claffe

333 1041 567 1095 cunm..
624 1041 661 1078 a
737 1040 875 1081 eam
898 1039 1077 1079 oram
1093 1019 1555 1101 proficiscitur.
1614 1020 1810 1080 Grata
1825 1038 1932 1078 res
1955 1016 2581 1100 Carthaginiensibus

283 1111 546 1181 ginienses
621 1099 770 1174 fuit,
817 1100 951 1196 qui,
993 1098 1330 1162 adversum
1347 1099 1860 1162 mediterraneos
1893 1098 2189 1159 homines
2220 1101 2399 1160 etrei
2420 1120 2583 1159 nau-

283 1179 456 1260 ctassf
480 1196 600 1231 ιο*-
620 1181 791 1243 ticae
836 1180 1344 1266 imperitiffimos
1368 1225 1386 1257 ,
1463 1195 1702 1243 certam
1750 1180 1877 1242 sibi
1924 1181 2261 1240 victoriam
2302 1179 2584 1263 pollice-

281 1247 436 1327 ἔφή
507 1262 596 1299 ‘¹⁸‘
621 1261 889 1324 bantur:
956 1262 1086 1345 ipsi
1131 1283 1391 1349 quoque
1430 1262 1814 1325 documento
1863 1261 2098 1333 futuri,
2162 1261 2404 1321 nullum
2440 1282 2586 1321 um-

276 1324 462 1384 f‘¹‘”“
623 1364 812 1427 quam
848 1341 1088 1405 hostem
1121 1344 1212 1405 ita
1244 1345 1571 1407 contemni
1608 1346 1915 1438 oportere
1939 1384 1955 1414 ,
1999 1355 2071 1402 ut
2105 1340 2455 1426 quidquam
2492 1341 2585 1404 de
2682 1382 2683 1385 =

623 1422 896 1487 cavendi
942 1423 1279 1508 diligentia
1318 1441 1385 1489 et
1418 1425 1761 1511 disciplina
1789 1423 2173 1484 remittatur.
2233 1425 2381 1483 Dux
2408 1424 2585 1484 clas-

623 1504 715 1566 sis
739 1504 1080 1579 Hannibal,
1130 1507 1189 1568 is
1219 1510 1331 1591 qui
1359 1507 1580 1591 copias
1613 1526 1693 1566 ex
1717 1506 2077 1588 Agrigento
2105 1502 2432 1578 eduxerat,
2471 1524 2586 1565 se-

666 1588 897 1650 tireme
923 1585 1300 1663 vehebatur,
1333 1609 1496 1674 quae
1529 1588 1743 1650 fuerat
1762 1587 1939 1670 regis
1970 1584 2228 1666 Pyrrhi.
2272 1585 2442 1647 hunc
2466 1605 2588 1648 re-

607 1609 835 1752 fiquae
867 1688 1061 1731 naves
1098 1691 1170 1731 se
1217 1670 1565 1742 uebantur‚
1613 1689 1744 1730 non
1764 1681 2081 1750 tamqnam
2116 1665 2196 1727 ad
2224 1667 2582 1751 proelium,

616 1770 742 1833 per
775 1751 980 1812 aciem
1016 1765 1080 1812 et
1122 1750 1190 1811 di
1240 1753 1451 1813 inctos
1489 1750 1752 1812 ordines
1775 1793 1792 1823 ,
1861 1747 1977 1810 sed
1999 1791 2016 1822 ,
2059 1761 2131 1809 ut
2166 1748 2398 1834 cuique
2419 1769 2588 1834 pro-

621 1853 776 1892 num
804 1846 977 1907 erat,
1019 1830 1289 1894 hostium
1318 1845 1692 1916 contemptu
1723 1843 2174 1915 properantes-

307 2012 598 2064 vervorum
743 1964 913 2028 VIII.
958 1962 1044 2024 At
1082 1961 1412 2105 postquam
1444 1963 1717 2053 propius
1755 1964 2090 2047 subgressi
2120 1961 2457 2045 suspensos
2495 1983 2589 2025 ex

279 2081 574 2131 „om-um„
619 2044 845 2140 proris
888 2043 1086 2107 adver
1110 2046 1189 2106 'ae
1232 2045 1436 2126 partis
1483 2045 1798 2109 minantes
1848 2065 1929 2107 ue
1970 2065 2204 2109 corvos
2247 2044 2586 2120 viderunt,

177 2164 200 2177 0
279 2148 562 2203 unfra.
623 2145 727 2189 re1
753 2127 1100 2188 novitatem
1128 2126 1425 2187 admirati
1457 2125 1806 2221 paullisper
1888 2127 2128 2192 aesere.
2168 2126 2447 2199 tandem,
2476 2125 2590 2189 fe-

284 2225 399 2269 tur.
623 2206 949 2268 rociss'imo
968 2227 1225 2291 quoque
1241 2208 1693 2289 imperitorum
1715 2208 2047 2269 hominum
2069 2208 2229 2270 rude
2250 2228 2586 2273 commen·

618 2301 754 2349 tum
785 2286 1148 2360 deridente,
1176 2288 1423 2372 primae
1449 2308 1742 2372 quaeque
1769 2311 1963 2352 naves
1987 2289 2305 2352 concitato
2328 2289 2588 2373 impetu

315 2381 595 2439 [Proelium
619 2368 1035 2430 invehuntur.
1113 2373 1279 2430 Tum
1327 2390 1488 2430 vero
1528 2369 1782 2432 dimissi
1818 2386 2089 2455 repente
2136 2370 2349 2444 corvi,
2402 2370 2584 2433 utin

283 2455 497 2509 navale.
621 2450 970 2532 quamlibet
999 2450 1405 2522 inciderunt,
1449 2451 1537 2511 ita
1558 2450 1893 2533 perforato
1917 2453 2199 2515 tabulato
2224 2450 2585 2514 haerentes

617 2526 882 2592 invitam
919 2531 1304 2592 retinebant.
1358 2532 1600 2593 milites
1640 2546 1852 2594 autem
1875 2532 2170 2606 Romani,
2218 2533 2278 2595 si
2310 2532 2587 2617 quidem

620 2632 765 2673 sors
791 2612 1047 2685 tulerat,
1091 2625 1162 2676 ut
1190 2632 1271 2674 ex
1302 2612 1612 2677 lateribus
1631 2635 1825 2676 naves
1852 2628 2410 2685 connecterentur,
2437 2635 2588 2676 om-

617 2693 688 2752 ni
727 2712 807 2754 ex
839 2708 1024 2778 parte
1054 2693 1124 2755 in
1155 2692 1415 2756 hostiles
1452 2694 1863 2758 insiliebant:
1909 2697 2164 2781 quoties
2188 2709 2397 2757 autem
2416 2717 2586 2779 pro-

618 2794 730 2835 rae
761 2787 1008 2836 tantum
1039 2776 1401 2838 commiss'ae
1438 2777 1671 2849 ess'ent,
1715 2798 1836 2860 per
1866 2777 2071 2861 ipsum
2090 2779 2340 2862 tignum
2376 2799 2584 2839 anne-

618 2874 896 2939 xumque
928 2870 1193 2941 pontem
1224 2858 1448 2919 armati
1476 2856 1616 2918 bini
1642 2859 1999 2920 transibant
2020 2903 2035 2932 ,
2096 2872 2273 2921 tanto
2308 2858 2586 2942 expedi-

617 2937 782 3010 tius,
843 2937 1019 3034 quod
1053 2952 1329 3023 utroque
1363 2961 1397 3000 a
1434 2939 1635 3000 latere
1682 2942 1888 3002 scalae
1937 2941 2139 3002 lorica
2179 2960 2348 3024 genu
2377 2953 2580 3002 tenus

618 3018 1086 3095 altaltutiorem
1122 3020 1427 3081 inceffum
1471 3019 1864 3117 gradumque
1905 3020 2261 3084 firmiorem
2298 3019 2586 3117 praesta-

617 3094 750 3162 bat.
809 3099 1006 3182 primi
1039 3102 1206 3162 enim
1243 3101 1485 3186 quique
1517 3100 1831 3185 projectis
1860 3117 2005 3164 ante
2042 3124 2113 3165 se
2151 3115 2352 3164 scutis
2384 3100 2583 3163 fron-

618 3193 753 3242 tem
785 3180 1090 3244 adversus
1121 3182 1391 3244 hostium
1422 3183 1551 3245 tela
1582 3183 2045 3272 protegebant:
2089 3204 2262 3269 pone
2295 3203 2590 3267 sequen-

619 3274 724 3331 tes
764 3283 877 3325 sua
910 3276 1088 3324 scuta
1117 3263 1358 3326 loricae
1395 3264 1716 3346 utrimque
1759 3266 2181 3349 adplicabant.
2254 3265 2350 3326 sic
2377 3265 2583 3328 etiam

619 3342 931 3406 lateribus
966 3343 1289 3420 defensis,
1337 3366 1565 3407 navem
1593 3347 1916 3408 adversam
1951 3348 2185 3409 collato
2219 3345 2420 3429 gradu
2454 3368 2583 3431 op-

618 3424 1019 3510 pugnabant:
1059 3424 1378 3511 fiebatque
1404 3447 1620 3511 pugna
1639 3448 1765 3488 non
1785 3427 2149 3497 rostrorum,
2195 3426 2312 3490 sed
2335 3425 2583 3491 ensium

323 3530 596 3586 hm„
619 3507 1040 3591 virorumque
1075 3508 1407 3581 cominus,
1468 3522 1533 3570 et
1559 3505 1844 3571 statariae
1892 3511 2143 3572 similis.
2188 3507 2389 3584 ¹Unde
2432 3511 2581 3570 Ro-

281 3590 473 3654 viu-2⁵1.
620 3606 808 3649 mano
829 3632 846 3662 ,
892 3582 1003 3673 qui
1026 3588 1265 3651 robore
1285 3589 1641 3674 praestabat
1658 3634 1674 3664 ,
1719 3591 2051 3653 adversum
2084 3590 2380 3653 homines
2405 3590 2580 3651 levi-

483 3672 492 3685 ‘
618 3681 724 3730 ter
758 3683 1071 3744 armatos,
1116 3672 1502 3755 naviumque
1536 3673 1756 3756 potius
1787 3673 2107 3757 agilitate,
2155 3694 2341 3755 quam
2367 3673 2579 3734 mani-

619 3748 742 3812 bus
766 3794 783 3826 ,
825 3750 1111 3815 confisos
1132 3796 1148 3827 ‚
1197 3753 1411 3815 facilis
1443 3754 1715 3816 victoria
1748 3755 1906 3817 suit:
1953 3756 2384 3839 celeriterque
2420 3771 2591 3820 sunt'

621 3850 1016 3919 expugnatae
1048 3856 1242 3898 naves
1277 3836 1562 3898 Punicae
1597 3839 1859 3922 triginta
1881 3881 1899 3913 ,
1943 3839 2021 3913 in*
2034 3837 2266 3924 quibus
2292 3851 2358 3901 et
2381 3858 2582 3922 prae-

619 3916 790 3976 toria
831 3917 1198 4003 septiremis
1234 3931 1416 4002 capta
1455 3918 1563 3982 est.
2148 3929 2152 3936 '
2298 3952 2301 3957 ’

691 4092 1011 4166 eap.V111.
1046 4094 1208 4150 Flor.
1246 4094 1454 4166 Polyb.
1474 4066 2172 4176 :Frontin.‘strateg·.⁴2,3.
2208 4100 2417 4173 Polyb.

837 4350 848 4377 l
