2717 4659
630 196 717 262 ω.
770 171 1329 249 FREmsHEMn
1360 137 2178 249 surrnEMENronuu
2208 186 2353 245 Lm.
2382 185 2461 247 11.

300 391 577 468 [Le-472·
639 391 791 453 dine
870 389 1103 465 uidam,
1147 392 1228 453 ad
1255 391 1381 453 hoc
1410 392 1795 474 praeparati,
1843 392 2249 466 succlamant,
2295 394 2465 450 armis
2497 411 2605 448 ex-

634 473 792 554 pedie
868 492 954 530 am
982 472 1235 553 sulutem,
1280 493 1336 533 et
1375 476 1623 543 exitium,
1666 471 1789 552 ipsis
1815 473 2134 550 destinatum
2153 514 2172 545 ,
2217 478 2278 534 in
2316 491 2616 531 auctorum

640 559 815 635 capita
855 556 1172 615 vertendum
1218 556 1348 638 effi:
1390 551 1559 616 adest
1581 554 1784 616 etiam,
1806 575 1885 615 ex
1908 569 2263 638 compacto,
2302 553 2409 638 qui
2426 574 2609 614 nun·

642 637 807 708 ciet,
881 640 942 696 in
981 637 1220 718 Rhegino
1260 637 1426 697 litore
1465 632 1670 715 claffem
1712 615 1922 711 Hya-ha·
1968 635 2289 716 conspectam
2330 631 2427 713 effi
2462 675 2481 705 ,
2551 652 2613 692 et

629 718 843 799 secreta
880 717 1142 798 colloquia
1187 716 1390 778 habita.
1489 717 1680 777 Miles
1703 759 1721 788 ‚
1804 738 1997 801 supra
2055 718 2345 800 priorem
2402 714 2616 776 animi

643 798 1092 881 cupiditatem,
1155 800 1348 861 etiam
1393 795 1667 882 perfidia
1711 796 1981 859 hostium
2018 811 2082 860 et
2113 799 2393 881 periculi
2421 810 2615 857 metu

643 879 1039 942 accenditur.
1086 880 1416 943 Consensu
1450 879 1733 958 omnium
1764 880 1829 939 in
1861 878 2023 941 hanc
2060 881 2441 941 sententiam
2467 877 2615 939 dis-

643 960 934 1033 ceditur,
979 981 1043 1021 ut
1067 965 1247 1043 ignari
1292 962 1943 1042 impav·atique.0ppid.1.7:i
1979 966 2401 1042 opprimantur:
2444 959 2618 1021 caede

642 1048 892 1103 virorum
921 1041 1081 1124 facta
1099 1084 1116 1115 ,
1169 1042 1441 1125 fortunae
1486 1040 1727 1122 publicae
1774 1047 2123 1124 prizu·taequc
2173 1063 2349 1102 omnes
2398 1042 2613 1123 legioni

643 1122 855 1184 cedant.
941 1122 1049 1185 Fit
1080 1123 1330 1188 facinus
1365 1123 1699 1206 indignum
1733 1136 1800 1184 et
1834 1137 2037 1184 atrox.
2126 1124 2368 1185 Decius
2406 1142 2619 1206 quos-

644 1204 786 1266 dam
810 1225 890 1266 ex
920 1205 1325 1290 principibus
1358 1206 1439 1267 ad
1473 1225 1739 1267 coenam
1774 1218 2039 1266 vocatos
2077 1205 2249 1267 inter
2281 1224 2458 1265 sacra
2486 1204 2615 1263 ho-

645 1285 1179 1369 spitalis-mensae
1215 1287 1587 1349 obtruncat:
1631 1288 1742 1347 alii
1773 1287 1993 1382 pass‘im
2028 1287 2094 1347 in
2133 1286 2429 1348 domibus
2466 1284 2611 1345 suis

641 1366 1080 1429 trucidantur:
1124 1368 1351 1448 majori
1386 1383 1567 1452 parte
1596 1367 2039 1450 Rhegium-um
2071 1368 2446 1440 interfecta,
2499 1386 2614 1426 ce-

643 1449 773 1510 teri
804 1447 1012 1531 patria
1036 1448 1478 1528 ejiciunturab
1510 1449 1745 1511 iisdem
1763 1450 1896 1510 illis
1918 1493 1934 1522 ,
1975 1470 2137 1532 quos
2176 1448 2389 1532 paullo
2430 1460 2610 1518 ante,

643 1544 717 1592 ut
749 1549 894 1591 cum
926 1530 1133 1625 patria
1160 1545 1608 1610 servarentur,
1655 1531 2010 1593 amicorum
2049 1545 2242 1617 atque
2274 1530 2613 1591 sociorum

643 1611 906 1673 nomine
932 1631 1000 1673 m
1035 1632 1174 1673 eam
1200 1625 1604 1697 acceperant.

626 1825 637 1848 Ι

342 1852 620 1935 Novoeseff·
766 1856 966 1918 XXX.
992 1853 1138 1936 ,His
1188 1858 1496 1941 patratis,
1565 1878 1731 1919 nova
1775 1856 1849 1920 fit
1891 1856 2148 1940 publica
2192 1856 2294 1919 rei
2352 1856 2609 1918 format

358 1924 609 2044 Ρῧῦἷὶἕῖ
647 1938 842 2016 aedes
904 1952 1093 2022 atque
1156 1938 1489 2001 facultates
1541 1940 1927 2010 miserorum
1984 1953 2106 2000 tam
2158 1959 2298 1999 uam
2353 1937 2608 1999 hostilis

297 1992 490 2111 swmg-
575 2011 621 2043 “
644 2020 885 2105 praeda
906 2021 1078 2082 inter
1104 2020 1388 2082 latrones
1410 2021 1817 2084 dividuntur:
1863 2010 2059 2082 caed'e
2089 2042 2120 2080 a
2170 2017 2294 2081 huc
2324 2020 2607 2092 recenti,

403 2077 440 2129 3
489 2097 507 2113 ’
647 2116 974 2163 matronae
1010 2101 1428 2184 virginesque
1473 2103 1847 2164 maritorum
1880 2117 2069 2185 atque
2089 2116 2428 2195 parentum
2456 2122 2611 2170 suo-

648 2205 790 2245 rum
826 2182 1363 2244 interfectoribus
1401 2185 1648 2246 nubere
1685 2198 2036 2266 coguntur:
2083 2205 2218 2262 jura
2239 2202 2613 2278 nomenque

646 2264 982 2348 Rheginae
1009 2264 1288 2328 civitatis
1324 2266 1609 2350 crudelis
1640 2280 1703 2326 et
1737 2263 2077 2349 p'erfidiosa
2103 2264 2277 2348 legio
2312 2263 2438 2325 sibi
2468 2285 2613 2326 vm-

649 2345 842 2407 dicat.
931 2344 1062 2406 Sed
1111 2344 1276 2408 bene
1330 2347 1646 2409 consuluit
1700 2347 2061 2408 mortalium
2114 2346 2340 2429 generi
2401 2348 2611 2416 Deus,

650 2427 825 2510 quod
855 2427 1236 2508 plerumque
1275 2429 1593 2489 scelerum
1629 2429 1978 2512 insignium
2012 2428 2334 2510 exempla,
2381 2428 2611 2489 eadem

651 2515 718 2569 et
749 2508 1072 2576 vindictae
1123 2506 1385 2570 illustris
1429 2509 1807 2576 documenta
1853 2525 2037 2572 sunt:
2101 2530 2183 2569 ne
2216 2505 2361 2591 quis
2398 2506 2607 2590 magis

652 2590 940 2651 success'u
988 2588 1454 2652 maleficiorum
1504 2593 1770 2672 animari
1812 2591 1889 2653 ad
1927 2590 2105 2675 paria
2142 2585 2411 2651 consilia
2451 2610 2611 2674 pos-

653 2672 774 2744 sit,
820 2692 1009 2754 quam
1043 2673 1219 2734 exitu
1257 2687 1621 2756 eventuque
1665 2672 2010 2740 deterreri.
2071 2672 2256 2734 Adeo
2292 2692 2487 2732 verae
2508 2669 2609 2731 fe·

649 2752 877 2828 licitati
910 2772 1053 2813 cum
1088 2752 1479 2817 facinorosis
1515 2775 1644 2817 non
1680 2753 2026 2831 convenit3
2072 2773 2283 2840 neque
2305 2753 2434 2812 ulla
2463 2772 2607 2816 cer-

648 2834 781 2893 tior
820 2831 908 2898 est
935 2834 1219 2908 insania,
1266 2857 1453 2918 quam
1492 2835 1884 2908 existimare,
1933 2836 2183 2897 scelere
2228 2852 2614 2920 quemquam

651 2912 798 2975 fieri
835 2916 1213 2978 beatiorem.
1298 2919 1380 2978 Ut
1412 2919 1619 3000 enim,
1665 2940 1828 3001 quae
1872 2916 2006 3001 post
2040 2916 2203 2998 hanc
2243 2914 2434 2976 vitam
2476 2934 2608 2978 ma-

489 3065 501 3076 ·
652 3009 808 3057 nent
846 2995 1207 3079 supplicia,
1281 3020 1444 3080 quae
1491 3000 1760 3062 maxima
1811 2998 2136 3082 sapientes
2186 2996 2312 3058 ess'e
2370 2996 2605 3065 sciunt,

338 3063 627 3146 {stm'flmf'
657 3079 827 3138 null‘a
847 3079 1153 3159 putentur
1174 3123 1190 3151 ,
1241 3079 1455 3157 (solet
1487 3081 1659 3141 enim
1674 3081 2002 3142 hominum
2021 3077 2427 3141 incredibilis
2451 3073 2606 3138 stul-

335 3132 628 3261 ’ἔξῗῖἱῗ
656 3158 796 3220 titia
828 3159 1327 3224 vixiis'habere
1367 3161 1580 3236 fidem,
1627 3183 1788 3245 quae
1817 3161 2077 3234 vident}
2122 3159 2362 3221 nedum
2398 3171 2469 3220 ut
2508 3158 2609 3217 in-

402 3270 511 3321 tia.
655 3242 944 3324 expertis
967 3244 1390 3323 moveantur)
1436 3258 1708 3305 attamen
1743 3245 1931 3306 etiam
1956 3264 2146 3326 quum
2168 3240 2610 3325 prosperrime

653 3321 1019 3465 procedunt
1052 3323 1297 3395 omnia,
1345 3327 1603 3386 interno
1630 3327 1896 3387 vulnere
1918 3326 2157 3385 lacerat
2177 3323 2455 3384 animum
2493 3320 2606 3381 de-

682 3403 959 3465 ictorum
992 3403 1415 3467 conscicntia:
1481 3407 1832 3468 viventium
1875 3427 2107 3467 nomen
2130 3448 2147 3476 ,
2208 3417 2611 3464 mortuorum

620 3483 961 3547 'memoria
985 3525 1002 3556 ,
1074 3486 1240 3568 apud
1277 3486 1572 3549 homines
1610 3489 1674 3549 in
1730 3488 1882 3548 odio
1937 3483 2452 3550 etdetestatione
2482 3480 2607 3545 est‘:

652 3585 727 3626 ac
756 3566 1140 3650 plerumque
1173 3566 1242 3627 id
1267 3568 1473 3651 ipsum
1514 3589 1808 3653 quoque,
1859 3569 2032 3652 quod
2064 3567 2426 3629 foediffime
2459 3585 2606 3648 par-

650 3660 786 3731 tum
812 3690 829 3719 ,
874 3647 1369 3710 laboriosiss'ime
1403 3664 1736 3712 retentum
1769 3650 1890 3722 est,
1935 3666 2068 3711 non
2097 3651 2277 3718 Dec,
2301 3662 2450 3708 non
2485 3646 2603 3706 ho·

650 3727 935 3790 minibus
967 3729 1169 3790 inulta
1191 3731 1440 3793 scelera
1459 3733 1570 3794 diu
1598 3733 2017 3816 patientibus,
2048 3729 2298 3813 ingenti
2328 3749 2474 3792 cum
2491 3728 2603 3791 do-

652 3810 796 3871 lore
842 3810 1141 3898 eripitur.

678 4026 864 4102 '‘Cap.
884 4028 1083 4083 xxix.
1124 4009 1336 4085 Strabo
1358 4030 1470 4085 l.6.
1498 4051 1560 4104 p.
1585 4033 1706 4089 258.
1778 4035 1927 4107 Cap.
1954 4033 2125 4089 XXX.
2165 4024 2414 4092 Diodor.
2449 4030 2603 4110 apud

653 4094 849 4151 vales.
868 4094 909 4150 1.
931 4114 1018 4160 22·
1058 4100 1232 4154 Oros·
1251 4103 1309 4170 4,
1329 4101 1384 4158 ὃ.
1421 4101 1672 4157 Diodor.
2071 4121 2083 4134 ·
