2717 4659
410 186 549 303 2306
743 185 1174 260 EPITOME
1210 186 1472 263 mum
1514 128 2218 301 QUiN'nDEclMl.
2310 214 2321 223 ·

405 423 664 488 Piceno
680 470 706 507 ,
778 423 1248 517 Beneventum
1292 427 1368 491 in
1416 424 1733 491 Samnio·

1844 421 2035 490 Tunc
2074 425 2392 509 primum
2428 443 2559 508 po·-

402 528 620 634 pulus
643 549 1020 616 Romanus
1058 518 1375 638 argentos
1402 551 1510 617 uti
1552 551 1791 635 coepit.
1900 549 2137 615 Umbri
2177 557 2245 616 et
2282 549 2559 615 Sallen-

388 675 530 740 ·tini
568 675 729 741 victi
774 677 846 740 in
888 674 1320 741 deditionem
1357 677 1625 760 accepti
1659 682 1847 740 sunt.
1910 671 2398 762 Quaesturam
2422 697 2560 743 nu-

397 814 642 867 merus
688 802 1086 886 ampliatus
1126 807 1280 886 est,
1331 808 1435 867 ut·
1463 806 1692 877 essent
1736 775 1917 866 octo,

478 991 683 1047 Umbri
734 1000 813 1048 et·
843 991 1158 1049 Salentini
1192 994 1339 1049 victi
1374 996 1441 1049 in

400 1057 781 1116 deditionem
825 1063 1063 1135 accepti
1088 1069 1267 1123 sunt]
1303 1063 1440 1119 Sal-

400 1125 624 1183 lentini
642 1127 868 1182 duobus
905 1128 955 1184 ll
1007 1130 1184 1184 scribi
1223 1128 1438 1184 debent

399 1212 468 1248 ex
489 1194 599 1248 fide
622 1196 1084 1268 Capitolium-um
1116 1198 1434 1271 triumpho-

396 1281 525 1317 rum
548 1273 604 1319 et
626 1266 865 1320 Graecis
898 1266 1302 1340 scriptoribus,
1340 1267 1436 1322 Sic

313 1332 320 1341 '
395 1331 550 1385 euim
583 1333 907 1405 Stephanus
938 1335 1433 1396 Σαλλεντία,πο’-

398 1401 489 1452 λυ
503 1401 889 1457 Μεσσαπίων.
920 1403 989 1455 τὸ
1003 1403 1328 1467 ammam}
1332 1406 1438 1458 αλ-

393 1470 676 1523 λεντινόῐ.
709 1470 850 1525 SIG.
891 1475 967 1527 V.
986 1472 1159 1526 etiam
1176 1471 1440 1544 Pighium

387 1536 456 1599 ‘iu
479 1537 683 1593 Annal.
706 1536 779 1591 ad
807 1557 933 1595 aun.
949 1557 1225 1594 cnuxut.
1293 1543 1436 1608 433.

399 1622 546 1677 quae
564 1610 837 1659 notantur
856 1606 929 1660 ad
948 1608 1076 1663 Silii
1095 1559 1291 1675 ltabg,
1311 1612 1434 1677 575.

399 1683 456 1728 et
470 1692 615 1746 quae
637 1674 788 1729 dicta
804 1686 935 1729 sunt
958 1676 1029 1732 ad
1041 1677 1186 1730 Livii
1204 1698 1255 1747 9,
1270 1682 1357 1745 42,
1378 1684 1434 1745 4.

397 1741 481 1795 Ex¹
512 1742 722 1796 Cellar.
754 1743 973 1798 veroin
990 1746 1207 1818 Geogr.
1229 1747 1362 1800 Ant.
1386 1765 1436 1813 α,

396 1829 455 1880 9.
486 1826 548 1883 p.
573 1814 696 1879 572.
761 1810 1148 1885 colligendum
1179 1814 1433 1880 videtur,

399 1890 626 1933 veteres
654 1889 905 1951 utroque
923 1879 1097 1935 modo
1125 1884 1441 1941 Salentini

396 1957 457 2002 et
501 1947 841 2005 Sallentini
874 1949 1179 2022 scripsiss'e.
1240 1955 1316 2004 V.
1356 1961 1437 2004 et-

401 2015 512 2068 iam
534 2017 687 2070 Daus
735 2055 748 2069 .
780 2018 1058 2091 Orthogr.
1073 2030 1240 2090 parte
1259 2039 1309 2071 π.
1331 2021 1437 2081 hac

398 2102 565 2145 voce.
604 2086 688 2141 Sa
720 2087 852 2141 erni
871 2104 1036 2153 vero,
1107 2105 1175 2140 ro
1196 2087 1437 2144 Sallen-

400 2154 540 2218 tini,
596 2154 686 2207 est·
720 2153 779 2205 iu
835 2154 996 2207 Leid.
1109 2156 1206 2209 oss'.
1257 2156 1433 2228 Berg.

396 2218 623 2275 Boend.
683 2221 918 2275 Norvic.
984 2231 1043 2277 et
1133 2222 1438 2276 uibusdam

400 2288 533 2342 edd.
557 2287 940 2346 Salentiniin
958 2291 1114 2344 Love
1144 2331 1157 2346 .
1181 2302 1238 2346 et
1255 2294 1433 2345 Hear-

395 2357 476 2409 nii
512 2359 581 2411 N.
632 2356 881 2414 Sallens
919 2357 979 2411 in
1013 2359 1149 2415 Exc.
1185 2359 1433 2414 Pithoei.

398 2426 616 2481 Saleni
632 2425 690 2477 i'n
707 2425 838 2479 edd.
858 2428 1023 2482 Rom.
1046 2427 1182 2482 anni
1208 2432 1357 2495 ¹47²·
1379 2439 1437 2482 et

396 2495 586 2547 Parm.
625 2494 934 2549 Praeterea
965 2496 1153 2568 Vani,
1170 2515 1282 2569 pro
1306 2499 1433 2552 Um-

351 2624 354 2633 !
399 2562 526 2627 bri,
567 2565 739 2634 Berg.
786 2563 888 2617 sed
919 2580 1032 2618 vox
1062 2583 1129 2619 ea
1159 2566 1373 2619 exsulat
1402 2583 1435 2620 a

399 2632 597 2686 Lovel.
618 2630 842 2686 Deinde
856 2634 1005 2689 victi
1011 2642 1074 2690 et
1090 2635 1155 2690 in
1171 2633 1432 2691 deditio-

391 2719 534 2756 nem
560 2702 798 2770 accepti
816 2708 962 2757 sunt
989 2705 1162 2759 Voss,

446 2839 883 2912 ‘Quaestorum
901 2858 1190 2895 numerus
1212 2838 1430 2908 ampli-

401 2915 544 2961 atus
578 2913 698 2966 est]
734 2908 799 2960 In
826 2917 943 2960 vet.
982 2906 1086 2962 lib.
1122 2909 1197 2961 est
1234 2909 1430 2983 Quae-

395 2984 630 3031 storum
647 2994 936 3031 numerus
951 2975 1294 3049 ampliatus
1320 2982 1431 3040 est,

401 3052 471 3099 ut
489 3050 700 3099 essent.
726 3043 1106 3097 Desideratur
1122 3054 1312 3098 autem
1326 3061 1428 3095 nu-

399 3128 612 3165 merus,
651 3110 746 3185 Sic
773 3111 926 3165 'enim
956 3111 1015 3164 in
1043 3112 1294 3184 epitoma
1312 3111 1352 3164 l.
1376 3132 1427 3167 2.

402 3183 703 3237 Numerus
759 3181 1035 3260 tribuum
1088 3181 1432 3256 ampliatus

1509 1001 1622 1062 est,
1661 1000 1732 1048 ut
1747 999 1947 1048 essent
1966 991 2160 1049 XXI.
2177 993 2288 1046 etl.
2307 1010 2391 1046 ιο.
2416 990 2553 1047 Col-

1481 1061 1750 1135 'legium
1808 1077 2121 1133 aug-urum
2170 1061 2555 1134 ampliatum

1508 1138 1630 1195 est,
1680 1139 1749 1185 ut
1780 1138 1976 1184 essent
2006 1136 2241 1189 novem.
2296 1138 2353 1182 et
2385 1127 2428 1180 l.
2455 1146 2551 1182 20.

1472 1214 1484 1233 ⁸
1506 1199 1878 1255 Praeturam
1899 1216 2188 1254 numerus
2208 1218 2309 1255 am
2353 1197 2557 1252 lictus

1507 1274 1620 1333 est,
1654 1274 1728 1335 ¹ut
1744 1273 1942 1323 essent
1965 1274 2253 1335 quatuor.
2336 1276 2439 1327 uto
2469 1266 2555 1318 le-

1509 1334 1757 1405 gendum
1773 1334 1866 1387 hic
1883 1334 1992 1387 effe
2012 1372 2029 1399 ,
2066 1343 2135 1390 ut
2162 1341 2360 1390 essent
2388 1342 2555 1389 octo.

1510 1405 1848 1483 quaestores
1902 1401 2056 1455 enim
2104 1403 2357 1475 primum
2401 1400 2556 1454 duos

1507 1482 1733 1525 creatos
1763 1472 1872 1526 effe
1915 1487 2067 1524 anno
2092 1471 2284 1542 primo
2310 1471 2434 1543 post
2460 1487 2557 1522 re·

1507 1557 1605 1612 ges
1624 1551 1850 1595 exactos
1869 1578 1889 1605 ,
1919 1539 2121 1592 scribit
2134 1539 2475 1595 Plutarchus
2492 1536 2557 1590 in
2628 1538 2633 1547 '

1505 1608 1803 1680 Poplicola
1833 1614 1853 1667 [
1870 1627 1931 1680 p.
1956 1608 2104 1670 103.]
2142 1611 2302 1662 Duos
2333 1606 2554 1661 deinde

1504 1678 1594 1733 his
1635 1675 1861 1733 additos
1900 1677 2039 1743 effe,
2104 1687 2171 1735 ut
2201 1678 2374 1739 effent
2405 1693 2552 1748 ‹fua-

1506 1759 1661 1811 tuor‚
1699 1744 1842 1799 duos
1861 1743 1960 1821 qui
1973 1743 2246 1811 urbanas»,
2280 1743 2427 1797 duos
2452 1741 2556 1816 qui

1506 1814 1785 1869 militares
1819 1831 1914 1866 res
1942 1823 2247 1878 curarent,
2290 1828 2445 1867 auno
2476 1812 2555 1866 ab

1506 1884 1653 1937 urbe
1673 1880 1908 1935 condita
1936 1896 2242 1935 cccxxnu.
2263 1880 2442 1933 tradit
2460 1879 2555 1933 Liss

1508 1952 1636 2005 vius
1664 1949 1707 2004 l.
1732 1960 1787 2017 4,
1814 1951 1977 2017 [43.]
2014 1959 2072 2003 et
2099 1949 2140 2003 l.
2156 1953 2210 2004 6.
2240 1950 2555 2003 etTacitus

1504 2021 1547 2073 l.
1584 2038 1671 2084 ιι,
1712 2024 1873 2079 [22.J
1904 2035 2034 2069 cum
2086 2028 2276 2071 autem
2313 2016 2559 2070 Tacitus

1507 2088 1890 2160 subsequatur
1902 2085 1994 2140 his
2011 2085 2239 2149 verbis:
2261 2089 2425 2141 Mox
2441 2083 2555 2141 du·

1482 2155 1782 2230 -plicatus
1804 2161 2200 2226 quaestorum
2231 2170 2556 2221 numerus,
2595 2184 2599 2195 «

1503 2225 1587 2280 sti
1630 2222 1916 2279 endiaria
1934 2220 2070 2294 jam
2097 2221 2316 2290 Italia,
2353 2229 2417 2276 et
2451 2239 2553 2281 ac-

1505 2310 1570 2347 ce
1621 2290 1862 2347 entibus
1880 2291 2338 2364 provinciarum
2368 2290 2557 2345 vecti·

1553 2360 1788 2424 atibus,
1842 2362 1943 2412 eos
1977 2359 2246 2431 profecto
2301 2366 2555 2419 octonos

1529 2440 1686 2484 actos
1711 2429 1820 2482 ess‘e
1840 2429 1950 2480 hoc
1978 2439 2243 2499 tempore
2262 2424 2552 2498 significa-

1504 2517 1569 2554 re
1584 2496 1835 2551 videtur.
1854 2492 1997 2550 SIG.
2029 2499 2241 2561 VoceS‚
2258 2502 2330 2549 ut
2345 2501 2558 2550 essent

1506 2575 1660 2632 octo,
1698 2562 2157 2617 desuntetiamin
2179 2564 2489 2618 V088.Ber
2532 2602 2548 2618 .

1502 2633 1728 2690 Boend.
1762 2632 1963 2686 Lovel.
1998 2641 2059 2686 et
2095 2631 2333 2686 Norvic.
2405 2632 2490 2685 So
2517 2651 2554 2697 a

1505 2714 1722 2765 tantum
1737 2719 1848 2755 vox
1865 2710 1999 2757 octo
2011 2700 2071 2753 in
2081 2699 2243 2754 Leid.
2265 2716 2438 2771 quam
2455 2716 2548 2756 re·

1504 2785 1593 2828 cte
1630 2789 1697 2825 ex
1744 2771 2076 2836 coniectura
2121 2767 2332 2837 adjecit
2374 2768 2547 2841 Sigo-

1501 2841 1649 2895 nius.
1664 2840 1755 2893 ·Ita
1772 2838 1921 2892 infra
1941 2837 1999 2892 in
2018 2837 2170 2910 Epit.
2192 2852 2276 2893 20.
2297 2836 2398 2893 ubi
2417 2839 2547 2891 vul-

1503 2927 1575 2982 go
1596 2907 1812 2973 editur,
1839 2908 2210 2964 Praetorum
2245 2925 2549 2962 numerus

1503 2977 1845 3050 ampliatus
1888 2984 2009 3039 est,
2062 2984 2133 3030 ut
2166 2981 2363 3029 essent
2390 2993 2546 3046 qua·

1500 3054 1676 3112 tuor,
1717 3045 1789 3098 ab
1813 3061 1930 3095 uno
1963 3040 2094 3097 cod.
2126 3042 2338 3097 exsulat
2366 3042 2545 3097 etiam

1496 3133 1611 3169 vox
1635 3118 1923 3189 quatuor,
