2717 4659
1223 50 1228 56 ·
1265 8 1281 36 Ι

663 196 771 261 132
813 199 868 261 F
872 200 1371 265 REINSHEMII
1405 192 2220 275 SUPRLEMENTORUM
2245 203 2390 262 Lm.
2410 201 2530 269 VI.

313 405 378 459 U·
399 403 590 485 cg48o·
653 407 875 481 lentia,
923 404 1085 490 quos
1115 419 1256 471 orta
1293 404 1508 464 subito
1539 401 1874 486 tempestas
1908 420 2172 489 praeter
2204 407 2464 471 solitum
2495 427 2613 469 ex-

310 477 630 554 redaqnsm-
656 489 1092 572 asperaverat,
1144 485 1473 569 repulsus,
1522 486 1755 547 amill'is
1782 487 2024 572 aliquot
2052 489 2450 562 triremibus,
2497 509 2610 553 ce-

284 544 566 616 ‘P‘n'mr‘
629 570 820 631 ‘teris
865 589 1058 657 aegre
1099 567 1410 639 servatis,
1469 566 1536 625 in
1573 580 1867 649 portum,
1931 568 2105 630 unde
2152 570 2431 642 exierat,
2494 591 2607 631 re-

329 654 340 661 “
609 650 796 729 gdiit.
880 652 1106 734 Neque
1156 648 1508 708 deterritus
1550 646 1677 708 hoc
1721 648 2166 724 incommodo,
2237 665 2309 712 ut
2338 652 2606 712 meliori

651 733 773 793 alia
808 753 890 815 op
942 731 1286 792 ortunitate
1310 727 1633 793 fortunam
1668 729 1899 790 iterum
1937 733 2222 814 experiri
2238 733 2464 815 poss'et,
2492 755 2608 792 na-

649 834 767 876 ves
800 756 1173 889 reKciebat3
1220 831 1415 894 quum
1435 811 1844 872 abHannone
1877 813 1985 893 (is
2003 814 2382 875 Mamertino
2406 835 2606 898 prae-

654 895 823 957 sidio
867 894 1154 977 fretique
1213 890 1531 953 custodiae
1574 895 1922 988 praeerat)
2000 902 2311 957 venerunt
2350 896 2603 968 nuncii,
2647 888 2651 897 ⁶

650 975 968 1070 quidquid
1006 974 1367 1036 triremium
1415 971 1826 1036 hominumve
1870 976 2211 1059 superiore
2248 978 2606 1038 certamine

648 1061 862 1123 Poeni
892 1071 1219 1141 ceperant,
1266 1054 1678 1115 adducentes.
1739 1054 2020 1151 Cupiens
2057 1058 2228 1135 enim
2258 1057 2606 1119 foederum

556 1196 560 1203 .
650 1151 989 1224 ruptorum
1016 1138 1339 1198 infamiam
1368 1136 1674 1196 Romanis
1705 1136 2087 1220 impingere,
2133 1137 2455 1201 confilium
2478 1139 2607 1200 hoc

327 1216 626 1273 Hamwffl-
653 1221 978 1304 amplexus
1020 1235 1158 1282 erat
1188 1221 1417 1279 Hanno
1439 1261 1457 1292 ,
1533 1214 1913 1302 questusque
1961 1219 2235 1313 poss'e‘ssi
2272 1220 2605 1300 Carthagi-

311 1305 497 1344 manos
553 1284 628 1338 ’ὅ
651 1300 973 1364 nienfibus
1009 1300 1166 1364 freti
1195 1321 1317 1383 per
1346 1299 1479 1362 vim
1511 1312 1814 1360 tentatam
1846 1299 2320 1384 navigationem
2342 1300 2497 1373 ess'e,
2527 1298 2611 1360 ad

301 1357 575 1476 ἶπες,
650 1403 876 1468 pacem
916 1397 979 1445 et
1011 1381 1280 1444 foedera
1314 1380 1542 1463 majori
1577 1380 1887 1465 deinceps
1923 1400 2074 1442 cura
2114 1380 2424 1443 servanda
2447 1401 2613 1469 pro-

306 1444 591 1565 ἔνθηροι,
650 1466 938 1529 vocabat.
1001 1464 1140 1537 sed,
1183 1462 1423 1535 audito,
1469 1460 1801 1523 Claudium
1828 1463 2033 1523 nullas
2058 1462 2467 1524 conditiones
2495 1462 2606 1522 ad-

650 1548 946 1619 mittere,
1014 1545 1144 1607 nisi
1176 1545 1452 1605 Mess'ana
1482 1542 1862 1627 praefidium
1898 1543 2365 1617 deduceretur,
2414 1542 2612 1604 freti-

654 1649 781 1713 que
815 1627 1260 1707 trajectionem
1288 1626 1525 1686 iterum
1559 1626 1814 1699 moliri,
1882 1626 2253 1687 exclamavit
2277 1667 2292 1696 ,
2361 1655 2427 1693 se
2466 1655 2607 1692 vero

651 1730 775 1835 ng?
811 1724 938 1766 esse
972 1706 1336 1784 passm-uni,
1389 1715 1463 1763 ut
1491 1707 1765 1765 Romani
1797 1708 1892 1765 vel
1924 1725 2147 1769 manus
2180 1708 2248 1763 in
2279 1707 2401 1763 isto
2436 1704 2605 1761 mari

655 1798 693 1835 a
769 1788 1004 1836 nerent.
1135 1788 1140 1793 ’

772 1880 1035 1942 xxvn.
1076 1883 1174 1943 Ne
1222 1901 1304 1943 ue
1327 1893 1540 1942 tamen
1570 1878 1924 1965 prohibere
1943 1879 2154 1963 potuit
2171 1921 2188 1953 ‚
2233 1878 2389 1963 quin
2421 1878 2608 1940 Clau-

549 2024 594 2039 „
655 1960 824 2036 dius,
847 1960 1179 2023 observata
1224 1964 1352 2024 reti
1370 1977 1615 2035 natura,
1661 1974 2039 2046 captatoque
2060 1958 2377 2045 tempore,
2411 1978 2604 2043 quum

320 2026 631 2148 §ffl'fmm
655 2041 972 2105 refluxum
1002 2043 1140 2123 ejus
1182 2045 1375 2106 etiam
1410 2058 1589 2105 ortus
1614 2041 1948 2105 commode
1986 2055 2214 2104 ventus
2250 2040 2602 2120 adjuvaret,

316 2109 602 2232 nariga-
656 2124 1031 2210 priusquam
1069 2125 1326 2186 occurri
1353 2125 1596 2209 poss'et,
1648 2124 1936 2186 Siciliam
1965 2136 2242 2185 teneret.
2326 2121 2448 2196 Ibi,
2471 2125 2606 2183 Ma-

323 2229 330 2234 ·
656 2207 1080 2269 mertinorum
1099 2206 1167 2269 in
1186 2218 1380 2290 portu
1411 2220 1822 2289 repertorum
1843 2211 2064 2279 coacta
2091 2205 2428 2276 concione,
2456 2223 2604 2287 per-

323 2346 333 2357 „
569 2321 574 2326 ·
661 2287 895 2359 suasit,
954 2300 1023 2348 ut
1056 2288 1438 2349 Hannonem
1473 2288 1859 2353 advocarent
1881 2329 1899 2360 ,
1959 2300 2273 2371 tamquam
2301 2284 2384 2346 de
2419 2303 2607 2369 prae-

362 2365 556 2419 Hanno
662 2369 834 2430 senti
874 2368 1138 2451 negotio
1174 2389 1317 2429 eum
1352 2389 1432 2429 eo
1474 2369 1917 2430 deliberaturi.
2002 2368 2233 2429 Hanno
2255 2366 2449 2440 enim,
2493 2385 2604 2448 op-

324 2436 634 2516 ,Messanam
661 2450 1043 2534 pidanorum
1076 2449 1483 2511 discordibus
1514 2450 1740 2510 animis
1769 2471 1993 2533 parum
2028 2447 2308 2510 confisus
2329 2492 2344 2521 ‚
2394 2466 2605 2509 arcem

317 2513 553 2557 ‘'mm“
658 2552 804 2592 cum
839 2531 973 2592 suis
1011 2550 1170 2592 occu
1219 2544 1469 2607 averat:
1519 2544 1731 2615 neque
1760 2530 2057 2593 concioni
2078 2529 2603 2591 Mamertinorum

662 2633 732 2674 se
750 2612 1020 2674 audebat
1050 2633 1159 2673 cre
1211 2634 1343 2675 ere.
1406 2612 1905 2686 tamenrveritus‚
1948 2633 2030 2673 ne
2058 2610 2185 2672 hoc
2214 2611 2415 2695 ipsum
2450 2629 2601 2693 que-

659 2695 828 2756 relas
868 2714 1093 2756 eorum
1126 2694 1533 2766 accenderet,
1575 2694 1632 2755 si
1654 2692 1958 2756 diffidere
1974 2693 2346 2766 videretur,
2394 2705 2461 2753 et
2487 2708 2603 2773 per

662 2797 838 2837 suam
880 2774 1224 2836 absentiam
1259 2797 1329 2838 se
1364 2775 2002 2858 Romanis‘protinus
2038 2773 2459 2857 adjungerent
2480 2815 2495 2844 ,
2536 2770 2602 2830 in

662 2857 1057 2939 colloquium
1078 2858 1273 2919 venit.
1319 2879 1448 2941 quo
1485 2877 1605 2940 per
1633 2855 2134 2941 disceptationes
2169 2869 2234 2918 et
2265 2853 2475 2937 jurgia
2497 2852 2616 2913 diu·

658 2952 944 3000 extracto
964 2981 981 3013 ‚
1026 2937 1104 2997 ad
1131 2938 1423 2999 ultimum
1459 2938 1732 3018 injectae
1758 2962 1793 2998 a
1823 2938 2128 2999 Romanis
2152 2936 2455 2996 Hannoni
2477 2954 2602 2994 ma·-

554 3068 559 3089 ,
657 3041 779 3080 nus
813 3033 996 3091 sunt,
1042 3019 1065 3078 i
1195 3041 1232 3081 e
1262 3021 1329 3080 in
1363 3038 1690 3081 carcerem
1723 3020 2039 3090 conditus,
2086 3017 2487 3080 Mamertinis
2508 3016 2604 3074 fa-

660 3114 830 3163 ctum
866 3120 1131 3184 compro
1179 3101 1455 3163 antibus.
1539 3106 1629 3161 lta
1662 3101 1895 3184 partim
1926 3101 2099 3174 dolo,
2184 3100 2372 3161 artim
2396 3112 2600 3160 terro-

659 3202 735 3243 re
768 3183 1242 3244 circumventus
1262 3227 1278 3257 ,
1326 3202 1521 3269 quum
1549 3182 1668 3242 alia
1703 3182 1987 3243 conditio
2017 3183 2128 3243 nul
2156 3203 2189 3240 a
2218 3182 2373 3242 ess'et
2395 3223 2411 3253 ,
2455 3195 2602 3239 arce

663 3264 1066 3325 Mamertinis
1089 3264 1341 3326 reddita
1363 3308 1379 3339 ,
1422 3261 1802 3348 praefidium
1829 3263 2150 3327 deducere
2172 3277 2432 3323 coactus
2460 3256 2561 3322 est.

362 3400 582 3470 Ideoque
788 3395 1077 3458 XXVIII.
1141 3395 1393 3468 Poeni,
1456 3414 1530 3470 rxe
1579 3407 1906 3477 comperta
1964 3415 2153 3478 supra
2202 3393 2462 3456 modum
2498 3408 2601 3452 ex·-

324 3470 614 3552 cqueiaffl-
669 3477 996 3549 acerbati,
1054 3499 1245 3560 quum
1299 3477 1540 3560 alioqui
1590 3474 1787 3537 duces
1833 3495 1984 3538 suos
2026 3477 2108 3538 ob
2154 3478 2314 3537 mala
2355 3471 2627 3537 confilia.

324 3548 486 3659 ξὲξῖν
536 3556 575 3591 ⁰
670 3558 1073 3641 quantumvis
1114 3557 1429 3642 prospero
1475 3571 1708 3620 eventu
1754 3558 1986 3640 punire
2031 3560 2354 3631 solerent,
2424 3549 2600 3617 simul

315 3683 318 3687 -
450 3640 468 3658 ⁶
669 3636 991 3703 stultitiam
1035 3640 1405 3712 Hannonis,
1474 3638 1661 3699 simul
1709 3638 2025 3721 ignaviam
2068 3640 2474 3710 accusantes,
2540 3632 2604 3692 iu

670 3742 931 3783 crucem
953 3720 1253 3782 miserum
1288 3720 1714 3781 sustulerunt:
1763 3733 1827 3781 et
1857 3722 2162 3782 continuo
2190 3722 2447 3783 navales
2478 3733 2603 3780 τεν·

670 3801 1034 3887 restresque
1057 3802 1275 3884 copias
1301 3801 1642 3863 Mess'anam
1660 3815 2453 3885 pergerepraeceperunt,
2482 3795 2600 3860 alio

667 3884 1018 3959 Hannone,
1067 3884 1178 3967 qui
1212 3882 1592 3944 Hannibalis
1634 3896 1773 3945 erat
1807 3879 2001 3956 filius,
2046 3883 2128 3945 ad
2157 3905 2265 3945 res
2295 3877 2601 3966 gerendas

671 4044 818 4170 a?
845 4043 1137 4184 ο,ἐίειέεονιι
1173 4040 1381 4112 Polyb,
1406 4062 1459 4111 ι,
1478 4060 1567 4101 ιι.
1637 4039 2060 4129 οιρᾱκνιιι.
2098 4019 2233 4101 νἰι.
2251 4041 2537 4110 uum,
2555 4048 2607 4089 ι,
