2717 4659
451 379 518 433 U.
536 397 586 432 c.
603 381 728 448 497.

458 523 462 527 .
483 476 734 527 Consulu-

448 544 659 610 claffem
680 543 758 595 de·-

446 615 658 665 viduae.

467 1193 755 1250 Fennorum

444 1280 714 1318 numerus.

480 1682 615 1736 Ordo
652 1682 751 1736 Ro-

443 1767 730 1806 manarum
745 1798 754 1807 ,

439 1823 677 1874 navium.

493 3179 702 3256 Τνῑανὶι·

437 3270 496 3325 in
510 3270 704 3327 classe.
725 3296 733 3311 1

471 3771 629 3829 Poem'
651 3775 750 3828 du-

436 3859 519 3895 ces
540 3845 750 3898 obviam

435 3911 751 3995 equalium·

437 3995 546 4032 uls-

797 194 907 255 ¹72
951 172 1511 238 FREINSHEMH
1551 173 2372 239 SUPPLEMENTORUM
2410 176 2692 277 L1n.VII

787 381 1015 445 tandae
1053 403 1204 467 spes
1238 364 1497 455 forent,
1544 381 1683 443 sive
1722 380 1956 443 alicubi
1991 379 2466 445 exscenlionem
2500 378 2692 442 fieri·

787 477 1103 549 poneret,
1149 459 1477 526 confilium
1509 462 1574 523 in
1611 450 1916 547 expedito
1955 463 2287 525 haberent.
2352 466 2613 558 Itaque,
2641 482 2692 545 p¹

789 545 1174 628 gnacissimis
1209 543 1572 629 quibusque
1593 545 1865 606 militum
1890 546 1958 606 in
1990 566 2186 637 n'aves
2221 542 2565 627 impolitis,
2602 566 2692 628 qua

787 642 936 688 tuor
964 626 1220 699 claffes‚
1278 639 1595 710 tamquam
1635 624 1922 707 ejusdem
1968 626 2304 688 universae
2346 640 2577 709 partes
2628 640 2693 686 to

788 707 984 784 idem,
1009 706 1272 769 faciunt.
1337 706 1663 790 legionem
1746 708 1971 769 rimam
2006 709 2073 768 in
2106 708 2313 793 prima
2341 708 2564 777 class'e‚
2597 706 2692 767 dus

788 802 1135 873 sequentes
1162 787 1391 849 ordine
1428 809 1545 850 suo
1575 808 1696 849 con
1752 789 1993 852 ituunt=
2053 790 2122 850 in
2168 800 2389 873 quarta
2421 790 2692 863 colloca]

784 871 1071 932 triarios.
1132 870 1265 930 Has
1314 869 1534 952 copias
1569 871 1659 931 ita
1701 872 2087 956 disponunt,
2144 885 2213 931 ut
2251 868 2533 952 singulis
2571 890 2693 931 nav

785 951 905 1013 bus
945 950 1196 1013 treceni
1232 951 1554 1033 remiges,
1623 952 1864 1015 milites
1901 973 2064 1015 vero
2099 952 2355 1014 centeni
2386 952 2624 1015 ¹viceni
2643 973 2692 1032 r«

784 1033 1035 1095 hantur.
1081 1033 1169 1095 ita
1198 1053 1505 1093 numerus
1529 1033 1856 1117 hominum
1874 1034 1940 1095 in
1961 1033 2255 1096 universa
2277 1033 2468 1094 clall'e
2504 1034 2595 1093 ad
2611 1034 2692 1093 mi

784 1116 869 1175 lia
906 1129 1162 1177 centum
1194 1113 1613 1198 quadraginta
1642 1116 2008 1177 accedebat.
2053 1118 2243 1175 Hunc
2265 1115 2692 1187 numerumn]

786 1209 1019 1280 quanto
1061 1195 1447 1280 superabant
1493 1197 1738 1270 Poeni,
1803 1199 1947 1281 plus
1986 1210 2243 1261 centum
2277 1195 2689 1281 quinquagin

782 1277 1070 1340 millibus
1109 1277 1441 1341 hominum
1470 1277 1883 1359 adducentes.

902 1411 1006 1471 111.
1049 1413 1137 1472 Et
1159 1408 1435 1473 militum
1453 1409 1715 1506 quidem
1749 1431 1956 1494 genus
1978 1431 2135 1496 prae
2167 1410 2299 1471 suis
2326 1409 2524 1494 parvi
2546 1408 2692 1471 faci«

781 1490 933 1551 bant
968 1492 1284 1554 consules.
1370 1494 1576 1573 Major
1622 1515 1698 1554 ea
1744 1494 2128 1556 deliberatio
2181 1498 2356 1563 erat,
2431 1491 2692 1574 quumi

781 1574 908 1635 alto
936 1575 1097 1634 mari
1131 1574 1542 1659 pugnandum
1566 1574 1713 1649 fore
1748 1589 2111 1660 appareret,
2157 1574 2269 1634 ubi
2300 1572 2621 1634 celeritas
2640 1595 2692 1634 n:

781 1655 954 1715 vium
977 1670 1041 1716 et
1070 1657 1571 1738 gubernatorum
1605 1671 1776 1719 artes
1814 1655 2426 1742 plurimum‘valent,
2473 1675 2619 1738 quo
2645 1676 2692 1716 o]

781 1736 930 1797 dine
960 1736 1260 1817 adrerl'us
1297 1735 1460 1798 istud
1494 1736 1843 1803 discrimen
1885 1738 2197 1822 aptiss'ime
2232 1737 2545 1820 componi
2572 1738 2692 1799 aci<

776 1819 1001 1902 poss'et.
1086 1817 1362 1881 ‚ostremo
1393 1817 1705 1880 rationem
1739 1819 2144 1902 instruendae
2180 1817 2383 1880 class'is
2418 1817 2626 1879 talem
2653 1821 2692 1881 in

779 1913 952 1963 eunt.
1015 1841 1309 1963 Ii'exeres
1359 1899 1552 1976 duas,
1671 1902 1860 1963 uibus
1912 1899 2374 1983 consulesffiipsi
2409 1898 2692 1962 vehebai

777 1994 950 2061 tur,⁶
987 1982 1235 2066 pariter
1266 1984 1337 2044 in
1375 1982 1591 2044 fronte
1691 1998 1945 2045 atuunt:
2009 1984 2268 2067 utrique
2316 1980 2553 2042 harum
2592 1982 2692 2064 bin

775 2062 1043 2146 primam
1068 2107 1090 2135 ,
1131 2063 1284 2125 inde
1317 2064 1663 2126 secundam
1696 2065 1947 2127 claffem
1975 2066 2167 2148 longa
2203 2078 2269 2126 et
2309 2063 2609 2159 simplici
2647 2088 2692 2128 s«

776 2142 875 2205 rie
904 2145 1283 2217 adnectunt,
1332 2146 1422 2206 ita
1455 2147 1807 2209 conlocatis
1844 2146 2133 2219 navibus,
2180 2159 2252 2207 ut
2272 2165 2567 2209 omnium
2642 2162 2691 2207 r'

777 2245 888 2286 rae
925 2226 1102 2288 foras
1137 2226 1444 2289 obversae
1495 2228 1732 2308 effent3
1799 2229 2204 2312 hexeresque
2258 2171 2692 2311 propemofiui

779 2305 1156 2387 conjunctae
1206 2308 1428 2382 irent,
1481 2312 1815 2392 proximae
1851 2311 1955 2371 his
1996 2311 2253 2392 longius
2305 2308 2482 2370 inter
2527 2331 2606 2373 se
2648 2310 2689 2371 d

777 2388 1246 2470 grederentur3
1315 2396 1505 2474 atque
1546 2391 1633 2453 ita
1680 2393 1988 2474 deinceps
2040 2391 2312 2475 spatium
2366 2390 2554 2463 inter
2587 2393 2690 2454 dua

777 2471 1108 2565 oppositas
1126 2492 1322 2534 naves
1344 2473 1643 2534 relictum
1670 2494 1811 2536 cum
1830 2473 1991 2558 ipsis
2018 2472 2354 2534 ordinibus
2373 2489 2690 2549 crescere

778 2551 888 2621 Sic
913 2553 1178 2614 minimo
1214 2554 1385 2616 inter
1419 2554 1658 2637 primas
1691 2575 1927 2628 naves,
1982 2553 2256 2616 maximo
2290 2553 2464 2614 inter
2484 2556 2690 2638 postrd

773 2652 908 2693 mas
943 2633 1284 2698 intervallo
1306 2679 1324 2711 ‚
1431 2657 1581 2696 uum
1619 2658 1697 2698 ex
1734 2634 1976 2699 duabus
2013 2634 2144 2697 istis
2190 2633 2486 2697 claffibus
2526 2639 2688 2701 forn

775 2730 1081 2778 cuneatae
1115 2717 1280 2778 aciei
1321 2740 1356 2780 e
1414 2731 1553 2779 ecta
1590 2721 1783 2792 ciret,
1828 2719 2088 2780 tertiam
2128 2715 2361 2781 deinde
2398 2716 2688 2803 legione

775 2794 1232 2859 admoverunt:
1304 2820 1500 2884 quae,
1555 2800 1835 2886 simplici
1882 2797 2407 2862 navium‘ordine
2455 2805 2687 2886 spatiu]

775 2874 937 2938 istud
972 2878 1145 2941 i'nter
1169 2879 1430 2967 priores
1474 2881 1630 2944 duas
1668 2897 1958 2966 apertum
1988 2894 2370 2966 praetexens
2396 2923 2416 2956 ‚
2476 2876 2687 2968 triquc'

774 2971 938 3020 tram
966 2962 1164 3022 totius
1196 2963 1363 3024 aciei
1400 2962 1635 3025 faciem
1668 2963 2027 3027 exhiberet.
2086 2966 2270 3024 Pone
2297 2958 2486 3037 hanc,
2542 2987 2584 3025 a
2612 2970 2685 3029 td

776 3060 860 3122 go
895 3042 1122 3104 tertiae
1147 3044 1353 3106 classis
1380 3088 1396 3119 ,
1442 3044 1824 3131 hippagines
1854 3046 2115 3107 funibus
2156 3045 2487 3107 tractoriis
2521 3047 2611 3107 ad
2642 3030 2685 3137 m

776 3142 890 3184 ves
922 3125 1349 3186 tertianorum
1397 3126 1917 3224 pertingentibus
1966 3128 2252 3191 remulco
2287 3125 2686 3193 trahebantu

775 3202 1089 3268 Postremi
1122 3208 1408 3269 omnium
1440 3210 1652 3270 triarii
1688 3209 1955 3271 navibus
1998 3230 2184 3274 unam
2214 3208 2284 3268 in
2319 3207 2602 3285 seriem,
2638 3220 2684 3309 ιη’

778 3286 1325 3351 semicircularem
1349 3334 1367 3364 ‚
1415 3292 1818 3373 exporrectis
1859 3292 1944 3352 ita
1978 3292 2238 3376 priores
2262 3288 2603 3354 ambibant
2624 3335 2642 3367 ‚
2681 3314 2683 3357 ῑ

774 3366 852 3427 ab
870 3380 1147 3452 utroque
1169 3389 1373 3432 cornu
1387 3374 1851 3455 prominerent.
1881 3377 1973 3434 lta
1995 3387 2197 3434 totum
2215 3392 2479 3454 corpus,
2518 3374 2641 3437 fro

773 3466 927 3543 cava
947 3491 966 3522 ‚
993 3448 1347 3535 ‘postremis
1374 3453 1666 3536 partibus
1697 3452 1924 3516 solidis
1945 3499 1962 3531 ‚
2010 3452 2198 3517 rostri
2227 3454 2471 3517 navalis
2504 3457 2665 3519 sim‘

772 3528 1065 3593 tudinem
1108 3532 1558 3615 praeferebat:
1621 3558 1751 3597 non
1789 3536 1999 3599 minus
2041 3536 2119 3597 ad
2156 3532 2602 3616 sustinendam
2639 3540 2657 3556 ⁶

772 3612 1165 3696 pressionem
1196 3614 1450 3681 firmum
1475 3658 1491 3690 ‚
1540 3640 1726 3702 quam
1754 3617 1834 3683 ad
1869 3617 2275 3681 inferendam
2303 3617 2553 3682 habile.

798 3744 803 3750 ’
895 3747 1004 3811 IV.
1056 3747 1186 3810 Sed
1224 3747 1833 3833 Carthaginiensium
1868 3750 2102 3829 duces,
2164 3755 2489 3814 Romanae
2536 3754 2647 3815 cla

777 3826 1207 3927 adventu'per
1239 3831 1686 3927 exploratores
1727 3835 1987 3917 cognito
2012 3877 2028 3906 ‚
2075 3856 2268 3919 quum
2300 3833 2539 3894 urbem
2576 3859 2610 3898 s

777 3909 952 3971 aditu
983 3906 1264 3986 facilem,
1309 3914 1569 3976 imbelle
1598 3919 1848 4014 vulgus,
1892 3916 2142 3978 accolas
2176 3918 2357 3977 leves
2395 3929 2464 3977 et
2491 3919 2587 3981 ad

774 3991 1032 4061 taudam
1064 3993 1545 4079 fidempronos
1603 4013 1997 4083 cogitarent,
2074 3996 2329 4061 obviam
2361 4000 2463 4060 ire
2510 4002 2606 4066 de

776 4089 972 4150 nunt,
1015 4077 1231 4140 omnia
1251 4078 1436 4162 prius
1475 4081 1762 4167 experiri
1781 4081 1967 4154 certi,
2015 4102 2202 4167 quam
2229 4097 2438 4146 tutum
2458 4082 2537 4145 in

1898 4240 1910 4281 l
