2717 4659
1811 0 1836 26 0

587 194 704 270 184
758 170 1320 287 rnEmsnEMn'
1349 183 2169 251 SUPPLEMENTORUM
2198 187 2344 246 Lm.
2362 185 2537 249 vm.

239 388 309 455 13.
327 399 516 470 c.498.
575 402 733 455 stem
759 394 1263 472 implacabilem,
1298 403 1598 452 ter-rorem
1616 404 1968 471 pestemque
1979 362 2251 468 magnae
2270 392 2533 449 Cartha·

625 464 778 533 iltis,
819 469 1098 523 exercitu
1114 466 1587 533 florentissimo,
1624 464 2090 521 existimatione
2110 462 2537 534 amplissima,

606 534 873 592 ibet-tate
903 533 1166 609 denique
1185 536 1322 602 ipsa
1353 541 1484 590 tam
1500 532 1703 604 facile
1724 539 1975 613 tamque
2004 530 2292 588 celeriter
2320 532 2536 587 exuis-

576 614 702 670 set!
745 604 1039 686 Augebat
1069 602 1558 669 admirationem
1577 601 1832 665 habitus
1860 623 2003 672 viri,
2050 602 2222 683 quod
2250 599 2543 679 ‚Subssxi-
2644 598 2649 607 “

581 689 726 772 guis
761 683 1103 757 membris,
1151 682 1539 767 aspectuque
1574 704 1704 745 non
1739 682 1931 743 nimis
1963 681 2204 744 decoro
2226 723 2243 754 ‚
2301 681 2541 764 ingen-

575 784 709 832 tem
743 767 1050 829 virtutem
1097 765 1549 827 occultaverat.
1629 763 1883 858 Quibus
1918 784 1997 823 ex
2040 762 2235 837 rebus
2264 764 2546 835 multum

329 910 333 928 ,
576 846 949 930 Xanthippo
985 847 1233 928 gloriae
1256 887 1273 919 ‚
1322 844 1437 906 sed
1474 866 1597 909 nec
1627 846 1837 907 minus
1870 844 2186 915 invidiae,
2229 844 2548 905 nasceba-

276 965 350 1018 Β
380 964 437 1015 ae‘n
470 963 549 1017 mg
578 945 706 994 tur.
777 927 924 1009 Quo
945 929 1012 995 in
1037 926 1313 989 monstro
1349 925 1760 1011 profligando
1801 947 1932 988 non
1961 926 2213 988 minore
2247 925 2547 1009 pruden-

240 1030 550 1086 tandafnvt.
577 1013 687 1084 tia,
734 1031 921 1095 quam
955 1011 1022 1070 in
1060 1009 1235 1070 bello
1274 1006 1723 1081 conficiundo,
1769 1008 1938 1078 nsua,
1984 1029 2167 1090 quam
2220 1028 2357 1067 uam
2391 1005 2544 1067 diu-

239 1101 550 1170 diaingem'-
580 1109 806 1158 turnus
828 1091 956 1174 ipsi
996 1091 1312 1152 factorum
1348 1111 1606 1151 suorum
1634 1090 1884 1152 fructus
1917 1087 2188 1171 Carthag
2264 1110 2299 1148 e
2335 1087 2547 1150 debe-

244 1187 346 1223 am.
578 1190 762 1237 retur
784 1216 801 1247 ‚
849 1174 1225 1258 relinquere
1260 1192 1410 1255 spes
1441 1171 1755 1255 ancipites
1795 1184 1861 1232 et
1892 1167 2254 1231 insidiarum
2283 1171 2547 1254 plenas,

503 1326 510 1335 ¹
581 1270 647 1320 et
679 1270 823 1317 ante
860 1255 1277 1316 mutationem
1306 1254 1664 1314 animorum
1692 1265 1796 1314 aut
1819 1251 2116 1314 fortunae
2143 1251 2401 1334 domum
2431 1274 2548 1315 re..

581 1338 770 1423 gredi
808 1334 1039 1398 statuit.

687 1418 920 1479 XXIX.
951 1418 1094 1478 Hoc
1118 1416 1290 1477 enim
1317 1416 1698 1500 plerumque
1723 1413 1987 1497 ingenio
2001 1414 2299 1478 homines
2318 1428 2548 1498 agunt,

580 1514 652 1563 ut
687 1500 933 1585 patriae
969 1497 1237 1567 studium
1274 1498 1341 1558 in
1383 1517 1499 1558 ore
1522 1541 1538 1571 ‚
1611 1497 1931 1580 privatum
1962 1496 2030 1555 in
2075 1498 2285 1559 animo
2328 1497 2547 1590 magis

579 1576 878 1647 habeant.
949 1581 1153 1663 igitur
1201 1576 1506 1663 quamdiu
1548 1577 1810 1662 quidem
1847 1575 2137 1656 honores
2172 1592 2237 1640 et
2274 1578 2547 1639 divitias

582 1661 890 1725 incolumi
930 1661 1188 1722 civitate
1224 1681 1541 1744 quaerere
1583 1659 1883 1743 tuerique
1920 1660 2212 1741 ponunt,
2251 1680 2553 1721 amorem*

266 1776 554 1846 Ruga-„4
584 1746 760 1807 illius
797 1742 1300 1821 ardentiffimum
1333 1742 1754 1825 praeferunt:
1802 1740 1914 1800 ubi
1932 1740 2291 1823 periculum
2316 1739 2424 1814 est,
2450 1761 2547 1803 ne

243 1848 420 1899 m'reus
471 1846 555 1896 fn.
584 1827 662 1889 ad
701 1826 863 1887 alios
911 1824 995 1885 ob
1041 1844 1328 1906 magnam
1378 1823 1682 1885 virtutem
1720 1836 1784 1882 et
1833 1820 2062 1882 eximia
2106 1824 2337 1883 merita
2371 1823 2547 1885 haec

240 1915 463 1968 vidiosa.
584 1904 973 1979 concedant,
1017 1905 1211 1988 longe
1241 1904 1483 1965 malunt
1515 1904 1748 1976 deeffe,
1795 1902 1905 1987 qui
1926 1898 2222 1984 publicae
2252 1905 2349 1969 rei
2377 1926 2545 1989 pro-

584 1990 751 2062 sint,
800 2010 986 2072 quam
1024 1987 1187 2059 effe,
1233 1985 1346 2070 ¹qui
1385 1986 1813 2046 obsint'suae.
1884 1984 2111 2047 Donec
2137 2000 2344 2046 autem
2374 1986 2549 2047 alios

580 2070 1005 2154 aequiparare
1024 2068 1171 2150 poss'
1167 2087 1201 2127 e
1222 2079 1448 2150 putant
1468 2109 1483 2139 ,
1532 2067 1847 2128 occultius
1882 2078 2071 2148 atquc
2096 2067 2412 2129 remiss'ius
2441 2067 2551 2127 in-

579 2148 841 2216 vident:
903 2167 1095 2233 quum
1124 2168 1320 2222 vero,
1366 2148 1725 2230 longiffime
1758 2146 2011 2225 relicti,
2060 2148 2553 2234 comparatione

579 2234 945 2319 propinqua
971 2238 1070 2292 se*
1121 2228 1284 2290 remi
1322 2230 1640 2300 sentiunt,
1697 2249 1987 2312 opesque
2024 2244 2090 2291 et
2114 2228 2547 2314 magistratus,

582 2334 746 2398 quos
772 2312 899 2397 ipsi
941 2312 1048 2372 siti
1074 2252 1263 2383 quant,
1305 2330 1509 2399 penes
1545 2311 1705 2371 alios
1738 2311 1904 2386 ess'e3
1951 2311 2123 2394 quod
2156 2312 2393 2374 virtute
2420 2311 2551 2373 de-

585 2407 968 2478 sperarunt,
1060 2414 1132 2453 er
1172 2392 1546 2453 calumniam
1586 2405 1651 2452 et
1691 2391 2173 2456 criminationes
2195 2394 2547 2456 meliorum

583 2475 890 2569 consequi
924 2417 1192 2535 fingent.
1259 2477 1348 2534 Ita
1380 2471 1472 2546 fit,
1521 2487 1590 2534 ut
1618 2495 1656 2535 o
1705 2474 1861 2535 timo
1891 2474 2125 2558 cuique
2201 2476 2378 2536 lures
2409 2474 2547 2536 ini..

579 2556 734 2618 inici
778 2571 927 2629 sint,
979 2558 1331 2640 pluresque
1366 2553 1625 2616 insidiae
1714 2567 2000 2615 ruantur.
2060 2577 2129 2619 se
2202 2555 2551 2620 adversum

580 2637 697 2700 has
727 2638 974 2699 homini
995 2638 1340 2720 indigenae
1365 2637 1431 2696 in
1452 2636 1838 2720 propinquis
1863 2649 1928 2697 et
1948 2637 2171 2701 amicis
2198 2638 2330 2699 suis
2347 2660 2548 2721 prae-

583 2719 822 2783 sidium
856 2717 976 2780 est:
1040 2720 1468 2804 peregrinus,
1519 2716 1643 2777 hoc
1672 2717 1906 2778 auxilio
1947 2717 2312 2794 destitutus»,
2355 2716 2550 2791 mali-

581 2801 733 2869 tiam
758 2799 1151 2897 degenerum
1177 2802 1534 2860 animorum
1548 2798 1724 2860 acuit
1748 2798 1880 2882 ipsa
1904 2800 2212 2863 facilitate
2233 2802 2549 2877 nocendi,

583 2883 760 2965 quod
780 2927 794 2955 ‚
848 2880 1284 2944 inlidiantibus
1312 2883 1515 2941 macris
1555 2879 1885 2963 expositus
1905 2924 1922 2954 ‚
1988 2884 2099 2945 vel
2140 2885 2346 2944 everti
2374 2883 2549 2946 citra

581 2965 919 3026 maximum
947 2964 1234 3025 laborem
1262 2976 1419 3048 pote
1476 3006 1491 3036 ,
1529 2963 1634 3023 vel
1656 2962 1816 3022 citra
1836 2964 2199 3045 periculum
2230 2963 2529 3027 offendi.⁸

281 3092 555 3164 Xamup.
704 3074 904 3133 XXX.
950 3069 1390 3153 Xanthippum
1423 3070 1622 3153 igitur
1651 3068 1809 3129 haec
1843 3070 2237 3152 sagaciffime
2258 3088 2548 3154 perpen-

240 3179 309 3230 ρο
334 3162 559 3230 infidias
585 3152 740 3227 diss'e
765 3196 782 3224 ‚
832 3176 995 3237 quae
1028 3164 1294 3235 sequuta
1317 3166 1489 3225 sunt,
1530 3148 1871 3212 evidenter
1898 3149 2335 3212 adfirmarunt.
2388 3152 2549 3224 *Ab-

238 3245 342 3311 1⁹5⁰
375 3229 559 3296 benefi-
584 3232 988 3318 navigantem
1015 3235 1180 3296 enim
1213 3254 1337 3317 per
1359 3232 1672 3317 quosdam
1701 3254 1734 3291 a
1760 3231 2396 3314 Carthaginiensibus
2421 3234 2549 3293 im-

240 3298 561 3420 ‘12⁰⁷‘f'dum
584 3318 804 3381 miss'os
840 3314 1237 3377 submersum
1275 3315 1531 3385 ferunt,
1600 3310 1738 3394 post
1787 3327 2118 3396 acceptum
2152 3311 2550 3376 beneficium

291 3383 425 3420 “⁸⁸³⁶
584 3396 764 3473 illius
798 3412 1126 3460 auctorem
1159 3396 1439 3479 gravatis
1481 3392 1870 3476 exosisque:
1934 3414 2063 3478 quo
2100 3393 2403 3457 exstincto
2443 3394 2549 3457 sa-

284 3503 417 3556 Atia
434 3517 558 3556 mr.
583 3500 750 3541 mam
794 3480 986 3542 etiam
1020 3477 1370 3561 peregrina
1408 3476 1649 3564 virtpte
1681 3488 1970 3536 servatae
2008 3476 2288 3538 civitatis
2330 3476 2550 3561 exspi-

245 3573 413 3626 ratio.
583 3575 862 3623 raturam
910 3559 1333 3637 crediderint.
1410 3557 1542 3618 Alii
1583 3556 1665 3617 de
1709 3555 1842 3617 fato
1883 3556 2234 3640 Xanthippi
2271 3578 2400 3617 non
2432 3579 2548 3621 ea-

584 3641 771 3719 dem3
818 3642 931 3704 sed
976 3641 1286 3702 Punicam
1329 3654 1542 3700 tamen
1582 3633 1920 3720 perfidiam
1959 3651 2264 3720 arguunt„
2337 3637 2555 3702 datam

583 3724 757 3787 enim
805 3722 1159 3785 discess'uro
1205 3741 1433 3781 navem
1480 3733 1770 3792 veterem
1810 3732 1881 3782 et
1918 3721 2224 3781 rimarum
2259 3720 2548 3804 plenam,

551 3805 703 3867 -aed
727 3803 811 3866 ad
840 3805 1123 3889 speciem
1158 3800 1579 3864 firmitudinis
1619 3819 1851 3861 recens
1890 3800 2188 3885 picatam.
2255 3816 2557 3865 ceterum

569 3926 574 3933 -
616 3960 700 4015 Ca
750 3963 1048 4016 ,xxan
1085 3959 1550 4028 sil.1tal.6,3o4.
1583 3958 1788 4028 Polyb.
1818 3959 2132 4027 Oros-44).
2173 3958 2315 4032 Cap.
2336 3918 2557 4016 xxlxss
2586 3954 2589 3957 ’

580 3976 788 4155 ΞοιγΡὴ.
862 4031 1008 4103 Cap.
1025 4033 1196 4086 XXX.
1229 4032 1513 4083 Zonaras.
1540 4028 1648 4085 sil.
1665 4027 1796 4083 Ital.
1816 4027 2044 4083 fin.1.6.
2067 4029 2319 4102 Appian.
2341 4029 2551 4107 Libyc-

479 4156 484 4163 Δ
631 4116 864 4157 onaraso
1249 4122 1254 4129 ¹
1896 4144 1907 4151 ,
2200 4126 2207 4133 ·
2465 4128 2475 4147 ι
