2717 4659
571 257 662 319 m
696 251 998 336 Locum
1031 253 1335 316 L1B.x1.
1383 254 1609 321 mvn.
1986 253 2068 320 23

2059 367 2115 383 s

213 457 480 522 dicitiam
518 473 916 544 extorquere
956 457 1261 537 instituit,
1309 461 1417 524 cui
1457 461 1582 545 jam
1615 475 1681 524 et
1705 482 1849 524 rem
1877 460 2067 524 fami·
2126 460 2401 534 U-e.466·

165 543 331 603 iai-em
377 563 676 615 omnem,
740 555 808 603 et
845 542 1211 605 libertatem
1247 543 1446 627 ipsam
1494 544 1845 628 eripuerat.
1933 544 2067 605 De-

146 623 266 686 inde
292 625 630 688 Veturium
663 631 1114 706 aspernantem
1141 650 1165 698 ,¹
1204 639 1270 688 et
1305 625 1566 709 quidvis
1641 618 1834 699 otius,
1880 646 2070 708 quam

148 719 347 767 tantum
376 703 727 789 flagitium,
779 705 913 788 pati
947 721 1235 792 paratum
1262 751 1279 783 ,
1324 648 1713 770 verberibus
1746 707 2067 772 crudelis-

156 786 292 848 timis
318 788 585 849 lacerat.
666 786 784 849 Ille
828 786 894 847 in
931 788 1263 873 publicum
1305 809 1376 851 se
1454 787 1784 886 roripiens
1810 832 1827 862 ,
1888 803 1954 853 et
1989 788 2070 852 ad

154 868 431 930 consulum
461 869 747 931 tribunal
779 868 856 930 ab
885 884 1265 934 accurrente
1286 893 1392 932 mu
1419 869 1697 932 titudine
1727 869 2067 944 deductus,

150 948 208 1010 de
229 950 619 1012 intolerabili
650 948 1034 1014 crudelitate
1069 965 1137 1013 et
1164 952 1440 1015 libidine
1472 952 1824 1016 creditoris
1847 952 2071 1037 queri-

147 1043 252 1093 tur:
311 1045 377 1093 et
425 1031 825 1116 adparebant
872 1033 1122 1096 vibices
1153 1075 1171 1108 ‚
1238 1034 1716 1118 verberumque
1767 1048 2071 1098 recentes

36 1181 37 1186 η
142 1126 320 1196 notae.
399 1113 718 1176 Consules
772 1112 1006 1198 igitur,
1072 1136 1214 1178 rem
1250 1138 1387 1178 non
1421 1115 1876 1198 negligendam
1923 1115 2070 1189 rati,

36 1201 37 1252 ζ
146 1192 212 1255 de
234 1214 298 1255 ea
323 1197 690 1258 retulerunt
716 1194 795 1256 ad
819 1211 1149 1260 senatum:
1193 1196 1518 1282 dictisque
1553 1197 1894 1259 sententiis
1913 1199 2073 1259 Plo-

146 1277 248 1335 tius
275 1275 337 1336 in
379 1297 719 1340 carcerem
749 1277 899 1340 duci
893 1278 1149 1422 alum&
1198 1299 1557 1376 omnesque
1585 1297 1709 1364 pet·
1733 1293 1931 1343 totam
1961 1300 2071 1340 ut·-
2128 1322 2271 1378 Nus
2284 1318 2412 1377 ηιμ

143 1352 290 1427 bem,
331 1372 495 1443 quot
543 1372 658 1436 uota
690 1358 861 1421 aeris
958 1360 1092 1422 ieni
1132 1363 1337 1427 causs'a
1364 1381 1516 1423 nexi
1550 1374 1734 1423 erant
1758 1402 1775 1434 ,
1816 1360 1964 1445 lege
1988 1360 2071 1424 de
2098 1401 2319 1448 mun„

143 1457 207 1504 eo
235 1441 499 1523 negotio
551 1452 687 1514 ata,
730 1440 1191 1505 liberati'sunt.
1226 1483 1231 1494 ·

248 1605 478 1669 XXVI.
522 1606 667 1666 Non
699 1624 838 1666 sum
871 1604 1133 1669 nescius
1153 1649 1170 1679 ,
1216 1625 1340 1691 pro
1380 1608 1458 1667 Τ.
1494 1605 1774 1672 Veturio
1813 1604 1892 1665 ab
1926 1602 2074 1666 aliis

142 1685 414 1748 Publium
457 1684 836 1769 quemdam,
894 1686 1186 1762 tribuni,
1244 1687 1357 1771 qui
1392 1688 1567 1749 inter
1607 1686 1931 1748 Caudinae
1963 1708 2074 1770 pa·-

36 1799 37 1810 ¹
145 1766 222 1827 cis
239 1782 534 1830 auctores
567 1767 805 1841 fuiII‘et,
848 1766 1050 1830 filium
1087 1768 1455 1833 memorari.
1493 1761 1615 1831 'sed
1649 1783 1713 1831 et
1736 1788 1904 1829 anno
1930 1781 2077 1829 ante

36 1875 37 1898 κ
144 1846 276 1911 baec
292 1863 590 1933 tempora
611 1848 1115 1933 ,quadragesimo
1151 1850 1540 1913 simillimam
1572 1850 1655 1913 ob
1685 1850 1953 1912 cauffam
1975 1849 2079 1910 lex
2181 1915 2188 1932 s

147 1927 219 1991 de'
240 1932 419 1992 nexis
455 1931 584 1992 lata
616 1931 852 1993 fertur.
896 1932 1200 1994 Ceterum
1230 1931 1393 1991 nihil
1432 1945 1604 1994 vetat
1628 1975 1644 2006 ,
1692 1945 1761 1992 ut
1839 1931 2080 1991 lurium

147 2008 719 2074 foeneratorum-ea
751 2012 1132 2097 improbitas
1172 2012 1411 2091 fuerit3
1456 2026 1522 2075 et
1557 2012 1767 2108 priori
1822 2031 1980 2094 ege,
2013 2023 2084 2072 ut

149 2089 234 2164 fit,
287 2095 486 2155 etiam
522 2112 646 2189 per
688 2092 1055 2156 debitorum
1082 2095 1495 2192 patientiam,
1557 2107 1733 2156 mter
1768 2089 2083 2175 angustias

147 2174 229 2235 rei
242 2173 576 2236 familiaris
613 2173 780 2237 nibil
803 2174 1254 2251 recusantium,
1300 2177 1542 2239 sensim
1564 2176 1883 2259 neglecta,
1912 2173 2082 2252 ejus-

150 2253 274 2316 dem
295 2256 583 2338 exempli
622 2274 856 2318 recens
892 2256 1130 2320 factum
1166 2258 1608 2332 admonuerit,
1656 2271 1728 2320 ut
1766 2257 1833 2318 in
1873 2253 2082 2340 poste-

38 2417 41 2418 ⁷
149 2356 268 2398 rum
300 2359 374 2402 ea
406 2337 496 2400 de
534 2340 739 2402 causs'a
771 2340 1027 2424 plenius
1070 2354 1263 2424 atque
1301 2339 1684 2424 diligentius
1718 2351 2080 2401 caveretur.

38 2431 39 2448 ¹
153 2418 261 2481 Sed
284 2419 536 2515 populo
587 2440 719 2481 non
767 2420 961 2483 modo
1016 2442 1223 2496 nexu,
1285 2442 1513 2485 verum
1554 2423 1746 2483 etiam
1785 2417 2083 2481 foenoris

155 2503 390 2563 saevitia
423 2499 698 2565 liberari
746 2503 1067 2586 cupienti,
1141 2517 1360 2587 gratae
1398 2504 1556 2564 licet
1582 2503 1850 2564 ultionis
1884 2498 2082 2582 legis-

155 2602 256 2664 que
286 2584 372 2644 im
422 2583 661 2645 etratio
699 2594 829 2646 non
862 2584 1200 2649 satisfecit.
1284 2587 1569 2657 Verum,
1629 2597 1699 2644 ut
1734 2583 1802 2644 in
1837 2579 2084 2643 morbis

153 2665 354 2745 quibus
402 2684 509 2726 am
562 2665 960 2740 acrioribus,
1023 2668 1462 2731 remediorum
1507 2665 1845 2749 diligentia
1890 2682 2087 2747 quum

152 2745 450 2829 mitigatus
498 2745 712 2808 videri
738 2746 944 2832 potest
969 2792 987 2823 ,
1028 2751 1233 2834 magis
1273 2748 1649 2811 accenditur
1680 2746 1912 2822 dolor3
1951 2764 2085 2804 non

154 2829 328 2890 multo
403 2825 501 2890 0st
539 2826 701 2890 adeo
740 2831 1102 2895 exulcerata
1137 2853 1246 2893 res
1273 2828 1396 2903 est,
1450 2843 1520 2891 ut
1540 2871 1558 2902 ,
1612 2848 1807 2912 quum
1837 2824 2086 2890 tribuni

155 2907 339 2988 plebis
396 2929 591 2994 egem
639 2909 723 2972 de
781 2911 969 2973 novis
1016 2914 1252 2975 tabulis
1308 2931 1557 2974 summo
1605 2910 1754 2978 nisu
1777 2907 2084 2994 perferre

157 2995 633 3067 contenderent,
680 3013 895 3078 neque
935 2995 1294 3057 minoribus
1330 3007 1436 3055 aut
1475 2991 1686 3076 copiis
1721 3005 1828 3058 aut
1853 2988 2085 3050 animis

160 3088 189 3129 a
225 3071 657 3136 creditoribus
703 3073 1118 3138 resisteretur
1146 3119 1163 3152 ,
1206 3076 1475 3161 plebes,
1541 3073 1837 3155 exemplo
1887 3069 2086 3150 majo·
2150 3099 2307 3155 pm,
2352 3096 2412 3150 ὓ,

159 3170 274 3214 rum
305 3154 470 3216 urbe
513 3155 740 3220 relicta
759 3200 776 3231 ,
820 3171 997 3220 trans
1029 3181 1280 3221 amnem
1315 3159 1385 3218 in
1417 3155 1779 3220 Janiculum
1806 3165 2088 3214 montem
2115 3167 2441 3236 &aniculam

162 3236 512 3299 secederet:
557 3237 866 3302 obstinato
916 3240 1230 3319 consilio,
1296 3240 1428 3300 nisi
1464 3259 1539 3301 re
1588 3237 1927 3321 impetrata
1948 3276 1966 3309 ,
2011 3232 2090 3294 ad
2125 3237 2349 3305 secedit.

160 3332 394 3398 penates
430 3338 590 3381 suos
620 3341 754 3384 non
782 3321 1124 3386 redeundi.

259 3469 520 3537 xxvn.
580 3471 796 3569 Quum
888 3494 1067 3534 arum
1108 3471 1413 3537 adversus
1454 3471 1615 3533 haec
1649 3469 1797 3554 opis
1830 3468 1899 3528 in
1939 3484 2094 3528 con·
2151 3483 2431 3552 U.c.467·

168 3549 382 3628 nulibus
412 3553 596 3629 ess'et,
639 3556 781 3633 (M.
813 3494 1146 3619 &aleriam
1176 3557 1485 3617 Potitum.
1531 3557 1604 3618 C.
1646 3552 1900 3615 Aelium
1931 3552 2095 3609 Pae·
2155 3551 2450 3637 .M.Vale-

166 3643 277 3691 tum
306 3636 490 3700 fuiss'e
528 3635 936 3716 conjiciunt)
994 3637 1073 3699 ad
1102 3637 1394 3700 ultimum
1425 3637 1645 3698 arduis
1687 3631 2091 3715 temporibus
2119 3620 2449 3705 r¹9‚C·AC'-

168 3719 495 3781 remedium
532 3717 881 3781 deventum
914 3717 1033 3796 est,
1079 3735 1148 3781 ut
1183 3718 1462 3781 dictator
1485 3717 1836 3782 diceretur.
1887 3712 2099 3776 dictus
2154 3692 2238 3747 ¹¹⁰
2255 3708 2405 3746 ⁰⁰⁸⁹·

174 3795 242 3857 est
258 3797 335 3894 Q.
359 3799 764 3864 Hortensius.
849 3803 932 3878 Is,
975 3802 1282 3864 adhibitis
1325 3822 1489 3885 quae
1520 3817 1775 3883 tempus
1801 3813 1867 3861 et
1896 3795 2101 3858 cauffa

169 3876 488 3961 postulabat
517 3880 849 3958 fomentis,
896 3906 1090 3969 quum
1130 3906 1211 3947 eo
1247 3910 1307 3948 m
1349 3885 1520 3947 xime
1553 3883 1842 3948 distineri
1876 3899 2103 3984 pacem

173 3960 423 4048 civitatis
478 3967 925 4048 intelligeret,
990 3968 1165 4054 quod
1210 3970 1305 4042 sci
1389 3991 1533 4032 ‘sua
1581 3987 1943 4043 contemni,
2006 3967 2100 4028 le-

228 4112 355 4190 Cap.
393 4119 601 4175 XXVI.
639 4120 885 4189 Dionys.
958 4120 1084 4177 Liv.
1118 4120 1176 4192 8,
1208 4126 1296 4183 28.
1369 4117 1612 4185 Zonar.'
1654 4095 1783 4182 Liv.
1819 4124 2099 4197 Epinn.

171 4183 291 4257 Cap.
313 4192 541 4250 xxvn.
580 4191 710 4247 Liv.
733 4190 891 4263 Epit.
919 4210 1003 4247 n.
1326 4245 1331 4252 ,
