2717 4659
586 170 1014 237 IN'LOCUM
1055 172 1220 233 Lm.
1267 169 1445 238 xlv.
1489 170 1717 236 mvn.
2068 169 2154 236 85
2213 189 2220 202 ⁸

151 397 281 444 tum
321 381 723 477 profectus,
791 380 862 441 in
913 378 1063 463 ipso
1109 339 1345 458 adbuck
1370 377 1611 442 itinere
1649 380 2150 444 occurrentibus
2209 382 2506 454 tls-478

149 463 442 537 nunciis,
495 462 777 544 ejectum
798 482 879 523 ex
898 460 1063 523 urbe
1090 460 1497 545 praesidium
1528 463 1849 524 Punicum
1879 483 2149 548 accepe-

150 559 281 620 rat,
332 559 407 607 et
441 533 922 630 Agrigentinos
959 542 1093 627 ipsi
1131 563 1204 604 se
1245 563 1355 604 sua
1406 564 1489 605 ue
1515 545 1728 606 omnia
1761 543 2007 607 dedere
2035 568 2147 629 pa-

150 641 321 688 ratos
371 628 542 690 ess'e.
629 632 858 722 Neque
909 624 1241 709 promiss'is
1290 564 1499 688 εΒἹιιίι
1558 624 1747 689 fides.
1836 627 2149 691 Venienti

156 707 545 771 Sosistratus
567 752 586 783 ‚
655 720 880 791 quiaet
925 705 1263 788 Syracusas
1313 705 1712 783 tradiderat,
1784 723 1851 772 et
1891 709 2144 783 urbem,
2207 711 2216 718 '

161 805 217 852 et
244 790 576 887 egregiae
602 788 959 871 juventutis
996 800 1144 850 octo
1185 788 1478 874 peditum
1515 791 1719 854 millia
1742 833 1758 864 ‚
1806 792 2146 875 octingen-

156 885 244 933 tos
283 886 565 957 equites
598 870 926 956 adjungit,
973 870 1195 966 copias
1233 871 1618 955 Epiroticis,
1663 895 1821 958 quas
1843 874 2143 956 ‘Pyrrhus

151 953 516 1017 adduxerat
543 997 561 1027 ‚
624 953 832 1034 nihilo
864 952 1253 1017 deteriores,
1340 952 1601 1038 Oppida
1637 961 1980 1040 praeterea
2022 954 2141 1017 tri·
2204 950 2420 1036 0323&

146 1037 360 1119 ginta,
416 1037 666 1121 quibus
718 1033 1076 1119 imperabat
1118 1033 1500 1097 Sosistratus
1526 1078 1545 1111 ,
1609 1039 1842 1100 eodem
1870 1056 2141 1104 auctore
2168 1033 2421 1141 5⁰„ng

149 1138 216 1179 se
248 1118 445 1202 regis
484 1117 765 1180 arbitrio
796 1116 1252 1202 permiserunt.
1316 1116 1441 1200 His
1474 1118 1562 1179 ita
1589 1119 1779 1202 gestis
1808 1120 1989 1182 misit
2026 1121 2140 1201 Sy·
2214 1108 2313 1159 qrr
2354 1106 2524 1142 ⁰⁶⁹⁸*

141 1200 406 1263 racusas
427 1244 449 1275 ‚
494 1201 614 1285 qui
647 1200 931 1261 telorum
977 1197 1188 1260 omnis
1228 1201 1498 1282 generis
1539 1220 1616 1262 co
1667 1203 1791 1263 iam
1813 1244 1831 1274 ‚
1895 1213 1959 1264 et
2007 1222 2141 1261 ma-
2160 1157 2489 1294 ζ’ἇὲἑςέἷὼ
2587 1186 2595 1196 ’

34 1299 47 1346 ,·
142 1281 392 1355 chinus,
419 1303 701 1367 quarum
724 1281 795 1341 in
819 1280 1275 1342 obsidionibus
1296 1280 1560 1342 urbium
1651 1305 1725 1345 us
1759 1285 1888 1346 effe
1906 1282 2139 1369 poffet,

147 1364 628 1428 subveherent.
712 1367 874 1425 Nam
916 1362 997 1424 ad
1047 1362 1247 1425 urbes
1288 1363 1524 1425 Punici
1556 1362 1720 1445 juris
1761 1385 2140 1462 oppugnan-

32 1437 35 1530 ζ
144 1444 255 1507 das
299 1447 604 1507 animum
649 1443 973 1527 adjecerat
991 1487 1009 1517 ‚
1089 1457 1314 1529 parato
1364 1444 1491 1527 jam
1534 1448 1827 1510 exercitu
1870 1449 2140 1531 triginta

144 1527 428 1590 millium
454 1570 476 1600 ‚
528 1541 795 1612 praeter
834 1526 1090 1611 equites
1124 1527 1306 1588 mille
1350 1527 1780 1613 quingentoS,
1827 1543 1927 1605 et,
1973 1549 2139 1615 quos

147 1608 211 1670 in
255 1610 577 1676 Siciliam
604 1609 982 1708 trajecerat,
1027 1608 1432 1695 elephantos.

253 1744 344 1805 X.
395 1743 633 1807 Prima
668 1764 749 1805 ex
782 1741 888 1805 bis
923 1742 989 1804 in
1019 1738 1395 1839 potestatem
1429 1742 1612 1806 venit
1636 1723 1978 1818 Heraclea,
2020 1745 2135 1808 ubi
2194 1777 2337 1835 Au,
2362 1781 2483 1854 ὅν,

150 1826 799 1910 Carthaginiensium
838 1823 1239 1910 praesidium
1282 1823 1538 1886 fuerat:
1611 1825 1847 1889 exhinc
1876 1827 2133 1890 Azonas
2210 1850 2356 1922 “pu
2381 1852 2444 1903 de

151 1907 342 1992 cepit.
416 1905 759 2005 statimque
796 1906 1056 1991 sequuti
1088 1905 1417 1968 fortunam
1452 1907 1800 1972 Selinuntii
1876 1908 2131 1985 rimum,
2163 1918 2459 1990 Carthagf-
2505 1905 2510 1922 '

148 2010 287 2051 mox
331 1989 682 2071 Halicyaei
732 2002 800 2051 et
847 1986 1228 2072 Hegesianh
1310 1986 1679 2050 deficiendo
1722 2012 1756 2049 a
1800 1930 2134 2075 (gurthagi-
2159 1989 2461 2044 ”sensibus-

146 2070 485 2134 niensium
520 2071 802 2133 amicitia
824 2113 842 2144 ‚
903 2069 1343 2169 compluribus
1387 2071 1581 2131 etiam
1612 2071 1759 2132 aliis
1791 2071 1860 2131 in
1894 2091 1974 2134 eo
2002 2085 2134 2134 tra}-

153 2166 251 2214 ctu
285 2152 571 2238 oppidis
593 2152 767 2215 idem
797 2149 1076 2216 audendi
1113 2151 1478 2236 exemplum
1511 2151 1975 2237 praebuerunt.
2044 2157 2135 2216 E-

148 2234 411 2318 rycinos
451 2248 670 2296 autem
691 2279 710 2310 ‚
753 2248 820 2296 et
855 2235 1243 2296 auxiliorum
1278 2255 1625 2297 numerosa
1646 2255 1856 2310 manu,
1904 2248 1969 2297 et
1996 2258 2146 2298 mu·-

150 2317 520 2380 nitionibus
557 2317 689 2379 loci
732 2312 1052 2392 fidentes,
1123 2337 1367 2378 summa
1385 2317 1467 2398 Ji
1504 2337 1583 2379 ex
1630 2335 1875 2401 ugnare
1906 2315 2135 2385 statuit.

149 2397 472 2461 Instructo
517 2399 719 2482 igitur
772 2400 1064 2466 exercitu
1087 2421 1139 2473 s
1177 2413 1455 2461 armatus
1500 2399 1568 2496 ip
1604 2420 1638 2461 e
1671 2442 1687 2473 ‚
1759 2399 1840 2461 ad
1879 2402 2137 2463 moenia

152 2481 531 2567 procedens
558 2524 576 2554 ‚
626 2493 849 2542 votum
885 2479 1162 2543 Herculi
1203 2481 1385 2543 vovit
1409 2523 1425 2554 ‚
1496 2503 1552 2542 ει
1589 2481 1852 2566 dignum
1889 2499 2136 2566 genere

154 2583 263 2626 suo
292 2564 594 2647 locoque
628 2562 1009 2626 bellatorem
1053 2583 1135 2625 eo
1171 2560 1279 2623 die
1327 2583 1404 2624 se
1440 2564 1710 2626 Graecis
1746 2560 2134 2636 ostendiss'et.

147 2643 500 2730 Postquam
532 2645 786 2729 signum
823 2642 1238 2730 oppugnandi
1277 2642 1492 2705 datum
1516 2687 1533 2719 ,
1584 2645 1949 2731 crebroque
1976 2648 2134 2709 mis-

153 2727 371 2788 silium
416 2726 595 2808 jactu
673 2741 1147 2810 ropugnatores
1187 2725 1417 2790 dimoti
1455 2726 1672 2789 locum
1712 2726 2136 2792 admovendis
2261 2761 2296 2770 -

151 2829 334 2870 muro
360 2808 585 2886 'scalis
655 2822 961 2887 ecerunt3
1002 2809 1255 2893 primus
1290 2808 1576 2880 omnium
1604 2831 1720 2871 rex
1743 2810 1982 2885 enisus,
2022 2810 2136 2871 ad-

152 2890 375 2952 versus
420 2904 889 2952 concurrentes
935 2890 1092 2952 undi
1140 2910 1222 2951 ue
1257 2887 1472 2951 hostes
1510 2891 1770 2975 insigne
1806 2906 2138 2954 certamen

151 2971 378 3046 edidit,
435 2972 598 3033 alios
626 2972 906 3036 umbone
934 2971 1128 3035 detur
1173 2992 1285 3033 ans
1308 3015 1325 3045 ‚
1372 2973 1536 3034 alios
1574 2972 1853 3035 caedens
1892 2971 2133 3056 gladio,
2229 3013 2254 3046 a

154 3053 604 3152 magnitudine
633 3075 792 3117 vero
837 3054 1031 3116 animi
1075 3053 1469 3137 roborisque
1501 3069 1767 3117 cunctos
1794 3069 2134 3140 perterre-

156 3134 432 3199 faciens.
518 3138 747 3220 Neque
776 3133 1113 3220 magnifica
1148 3148 1393 3199 tantum
1423 3136 1581 3199 haec
1613 3137 1674 3198 ei
1711 3158 1965 3221 pugna,
2016 3137 2137 3203 sed

158 3218 348 3280 etiam
393 3217 577 3280 omni
598 3223 898 3303 exparte
926 3218 1087 3281 felix
1128 3218 1275 3282 fuit.
1344 3217 1488 3279 sine
1516 3220 1648 3280 ullo
1680 3240 1799 3282 suo
1834 3221 2134 3296 vulnere,

154 3320 377 3385 magna
408 3300 627 3384 gloria
660 3316 842 3387 parta
866 3343 885 3376 ‚
935 3302 1127 3364 etiam
1165 3300 1396 3362 urbem
1427 3300 1626 3384 ipsam
1664 3302 1897 3365 eodem
1928 3303 2137 3387 impe·-

159 3394 222 3443 tu
256 3384 483 3467 cepit:
559 3382 852 3446 animatis
892 3405 1025 3446 non
1058 3382 1271 3444 minus
1311 3383 1612 3466 exemplo
1647 3385 1829 3468 regis
1867 3385 2133 3460 ceteriS‚

162 3485 342 3550 quam
378 3451 688 3547 solliiciotis
721 3466 1041 3548 periculo,
1088 3476 1157 3528 et
1183 3479 1520 3547 utramque
1552 3464 1635 3527 ob
1665 3467 1931 3528 cauffam
1962 3488 2134 3528 sum-

157 3564 249 3606 ma
276 3546 705 3608 contentione
727 3547 1183 3632 pugnantibus.
1273 3543 1673 3611 sacrificavit
1694 3548 1929 3610 deinde
1958 3551 2132 3613 Her-

161 3628 318 3704 culi,
369 3627 514 3691 voti
546 3648 701 3691 reus
727 3673 745 3702 ‚
789 3631 1112 3775 ludosgue
1146 3628 1315 3691 varii
1346 3630 1613 3712 generis
1649 3629 1994 3716 magnifico
2019 3634 2130 3697 ad-

160 3724 383 3791 paratu
417 3730 542 3793 per
578 3720 949 3798 complures
1036 3713 1133 3779 ies
1165 3709 1393 3775 edidit.
1439 3745 1440 3748 =
2167 3752 2486 3825 Trfmphm

272 3818 390 3881 xl.
451 3817 906 3907 Hoc-quoque
952 3841 1117 3883 anno
1164 3820 1411 3880 Romae
1474 3818 1556 3880 de
1605 3825 1884 3886 Lucanis
1939 3840 2131 3909 atque
2159 3826 2224 3878 de
2239 3824 2477 3879 Lucanis

162 3899 435 3966 Bruttiis
484 3917 635 3965 ante
682 3903 859 3967 diem
889 3907 1107 3969 Nonas
1139 3903 1478 3965 Januarias
1509 3904 1973 4010 triumphatum
2002 3908 2131 3970 ess'e
2158 3893 2490 4020 :tgu‘ssfu’

166 4006 1000 4203 AEfflrrbo,
1020 4060 1181 4177 οὐξι).
1219 4054 1472 4122 Diodor.
1503 4056 1666 4124 νΙῗΙιιῐ.
1723 4059 1885 4133 cap.
1909 4061 2131 4116 XLFa-
2183 4119 2198 4130 x
