2717 4659
505 204 594 272 m
632 179 939 288 nocuit
975 202 1140 267 mn.
1181 203 1323 268 xn.
1369 201 1597 272 mvn.
1841 203 1856 210 ·
1958 205 2034 270 3.

126 427 252 474 mut.
286 469 289 476 ,
361 432 518 472 unm
553 410 730 473 enim
765 411 1104 480 atrocitate
1141 414 1419 480 cladium
1456 434 1735 487 suarum,
1780 427 1844 476 et
1870 411 2041 494 ejus·
2101 415 2169 471 U.
2188 421 2381 488 c.470'.

124 495 235 555 dem
258 514 289 555 c
347 494 624 555 amitatis
644 508 857 567 metu,
902 494 1102 573 Boios
1131 499 1579 580 Etruscosque
1597 495 2039 570 conciviss'ent‚
2086 512 2317 566 Etrusci
2331 529 2385 568 n

125 576 181 637 nd
203 576 418 647 lacum,
467 575 582 658 qui
617 575 993 640 Vadimonis
1031 579 1412 662 appellatur,
1506 597 1676 662 ugna
1694 577 2039 650 commista,
2069 580 2200 650 Bojae·
2269 585 2393 637 vin·

127 678 335 741 magnus
368 659 805 718 Etruscorum
831 678 1137 722 numerus
1162 659 1384 730 caesus
1408 600 1517 735 eff,
1561 658 1711 741 Boji
1733 661 2045 743 perpauci
2068 662 2285 704 ‘'⁴⁸¹²'‘-

135 738 441 823 effingerunt
460 780 480 812 ,
529 740 863 802 Senonum
895 759 1083 801 omne
1106 762 1343 804 nomen
1367 743 1454 804 ita
1480 742 1684 827 periit
1703 784 1723 816 ,
1768 752 1838 801 ut
1854 759 2046 801 nemo
2121 819 2130 824 ᾖ

136 822 399 904 supet-effe
434 833 780 903 putaretur
816 840 896 882 ex
928 841 1003 883 ea
1039 836 1234 906 gente
1256 865 1274 897 ‚
1318 844 1486 909 quae
1517 826 1788 885 Romam
1816 820 2049 883 urbem

129 900 469 964 incenderat.
539 902 674 964 Sub
714 900 785 963 id
813 915 1068 986 tempus
1103 906 1338 967 Senam
1360 905 1682 968 coloniam
1706 902 2049 966 deductam

125 983 246 1081 effe,
301 1003 466 1049 vero
513 983 790 1080 propius
840 984 1138 1059 videtur,
1187 1007 1317 1070 quo
1338 1029 1357 1060 ,
1401 987 1711 1049 Romanis
1744 984 2045 1047 universa

121 1083 343 1147 regmae
383 1079 620 1148 potitis
642 1108 661 1139 ,
725 1086 964 1129 nomen
1008 1067 1339 1130 Senonum
1382 1070 1470 1130 in·
1493 1089 1567 1130 ea
1610 1082 1794 1156 parte
1822 1066 2048 1131 ltaliae

122 1142 360 1211 funditus
403 1147 689 1209 interiit.

207 1318 278 1384 V.
319 1322 589 1385 Etrusci
621 1335 836 1385 tamen
880 1323 1198 1422 Bojique,
1257 1345 1329 1428 se
1377 1339 1574 1389 uente
1614 1321 1815 1387 statim
1852 1342 2043 1398 anno,
2131 1349 2137 1357 ·

52 1413 53 1456 ᾗ
123 1420 272 1481 quum
295 1422 375 1463 ex
412 1403 536 1478 iis,
586 1405 698 1488 qui
728 1404 1013 1489 puberes
1050 1420 1301 1469 interea
1368 1408 1494 1469 acti
1517 1409 1814 1481 fuerant,
1856 1426 2045 1469 exer,

123 1482 278 1543 citum
310 1486 780 1569 suppleviss'ent
799 1529 816 1561 ‚
875 1487 1113 1560 iterum
1146 1489 1473 1551 fortunam
1510 1505 1766 1573 pugnae
1792 1501 2046 1550 tentare

122 1578 231 1624 sunt
255 1565 407 1632 ausi.
498 1571 666 1628 Tum
694 1569 899 1652 igitur
927 1591 960 1631 a
984 1568 1066 1712 Qt.
1100 1570 1384 1638 Aemilio
1410 1574 1587 1656 Papo
1622 1569 1834 1633 victos
1856 1570 2047 1633 fuiss'e
2103 1575 2381 1645 (Le-47¹·

122 1644 493 1709 crediderim.
538 1649 747 1727 Huius
789 1650 962 1711 enim
990 1673 1025 1712 e
1090 1653 1164 1714 C.
1197 1652 1485 1714 Fabricii
1516 1651 1879 1714 consulatus
1907 1651 2045 1735 pri·
2096 1648 2169 1728 Q·
2197 1646 2386 1701 Aemi·

120 1747 223 1788 mus
250 1750 389 1789 eum
410 1732 481 1791 in
516 1753 747 1792 annum
779 1732 1031 1806 incidit,
1072 1734 1383 1830 Papoque
1415 1733 1821 1817 provinciam
1849 1734 2046 1795 Etru·-
2068 1703 2173 1837 Εἴ
2192 1718 2384 1796 ᾳπΡῧ·

120 1809 242 1869 riam
266 1810 597 1874 obveniss'e
649 1811 909 1874 constat.
1002 1815 1135 1877 Sed
1181 1835 1252 1876 m
1297 1814 1636 1899 plerisque
1688 1814 2044 1889 annalibus,
2155 1801 2320 1907 “¹322‘'

125 1890 205 1973 qui
235 1892 432 1954 adhuc
479 1894 543 1954 le
593 1909 811 1968 untur,
857 1915 1076 1957 rerum
1112 1894 1368 1958 istarum
1395 1896 1706 1958 memoria
1739 1895 2054 1977 majorum
2289 1890 2303 1904 ”

123 1972 445 2035 interventu
482 1975 569 2036 ob
598 1976 827 2037 iterata
865 1974 972 2038 est.
1017 1978 1212 2074 Quod
1238 1981 1412 2040 enim
1441 1991 1538 2040 tot
1559 1977 1884 2040 continuis
1911 1976 2052 2039 bel-

122 2052 181 2114 lis
207 2069 382 2139 atque
427 2056 732 2119 victoriis
768 2059 1038 2120 maxima
1075 2061 1331 2122 virtutis
1370 2074 1436 2122 et
1468 2058 1800 2143 potentiae
1835 2060 2053 2123 incre-

125 2150 289 2197 menta
331 2141 668 2199 Romanus
718 2141 997 2224 populus
1050 2141 1343 2225 quotidie
1392 2161 1464 2203 ca
1515 2154 1658 2204 eret
1678 2160 1710 2218 3¹
1743 2140 2053 2203 adductae

126 2214 172 2274 in
197 2234 418 2281 metum
440 2261 460 2293 ,
510 2241 674 2303 quae
708 2220 913 2283 adhuc
941 2241 1068 2319 per
1104 2224 1342 2285 ltaliam
1380 2245 1456 2285 su
1511 2222 1676 2305 juris
1710 2235 1927 2296 erant,
1959 2223 2052 2283 ci-

126 2297 310 2363 vitates
373 2314 741 2385 gentesque
793 2324 1133 2366 maximum
1193 2320 1385 2390 atque
1439 2304 2055 2389 periculosiss'imum

128 2380 446 2445 conflavere
505 2383 783 2445 bellum:
855 2384 1131 2469 junctis,
1198 2401 1516 2472 tamquam
1563 2386 2053 2467 adcommunes

129 2464 358 2524 omnium
399 2463 620 2526 hostes
661 2467 1158 2552 praedonesque
1204 2467 1711 2553 opprimendos,
1772 2465 2053 2528 consiliis

130 2546 450 2608 etviribuS.
514 2551 746 2630 Neque
785 2547 1041 2610 differri
1082 2572 1253 2611 arma
1284 2549 1488 2612 visum
1524 2547 1645 2622 est,
1691 2548 1902 2610 donec
1939 2546 2052 2608 ad·

128 2620 217 2685 huc
241 2628 549 2708 Boiorum
584 2631 1138 2715 Etruscorumque
1175 2633 1494 2718 reliquiae
1517 2628 1898 2692 distinendis
1918 2631 2053 2693 Ro-

130 2723 410 2769 manorum
444 2710 660 2794 copiis
713 2710 1116 2775 sufficerent.

215 2870 315 2935 Vl.
360 2872 575 2933 Primi
612 2873 971 2947 Samnites,
1015 2867 1225 2939 fracto
1266 2875 1520 2938 rursum
1545 2872 1859 2947 foedere,
1905 2892 2052 2934 cum

133 2948 361 3016 Lucanis
397 2955 814 3039 Bruttiisque
859 2958 1066 3040 palam
1101 2960 1427 3020 sociantes
1471 2956 1726 3022 confilia
1746 2998 1763 3029 ,
1858 2973 2050 3015 roru-
2353 3023 2370 3036 .

134 3043 340 3111 perunt-
449 3036 585 3099 Sed
642 3035 765 3098 hos
819 3040 891 3100 C.
945 3038 1283 3101 Fabricius
1329 3040 1552 3102 consul
1608 3058 1795 3121 comp
1824 3035 2050 3096 nribus
2115 3022 2178 3076 0·
2199 3022 2387 3077 1³⁶⁶ss-

134 3117 599 3191 proeliis.vicit:
644 3140 772 3180 uno
809 3120 1082 3202 maxime
1121 3122 1562 3195 memorabili,
1610 3140 1827 3216 quum,
1874 3115 2050 3176 Thu·
2076 3093 2219 3214 ἐπ’
2235 3092 2387 3215 353]

136 3191 294 3257 tinam
325 3200 556 3262 urbem
606 3200 843 3262 iterum
871 3215 1210 3286 premente
1252 3204 1457 3265 Statio
1494 3201 1750 3264 Statilio
1772 3242 1789 3273 ‚
1848 3197 1903 3260 si
1953 3197 2053 3258 nis
2078 3229 2175 3286 m

138 3275 337 3367 collatis
372 3282 751 3343 dimicatum
781 3281 912 3360 est3
955 3279 1236 3367 fusisque
1272 3304 1498 3368 magna
1527 3303 1672 3346 cum
1698 3279 1905 3364 strage
1983 3300 2054 3342 o-·

138 3350 320 3447 fidius,
365 3364 388 3424 i
443 3365 506 3424 sa
546 3363 738 3425 etiam
773 3363 967 3441 castra
1006 3380 1366 3450 expugnata
1401 3380 1581 3451 capta
1630 3384 1735 3425 ue.
1805 3367 2056 3425 Memo-

138 3454 238 3500 ΜΘ
260 3464 371 3524 pro
422 3446 584 3506 itum
618 3442 727 3519 est,
777 3468 971 3532 quum
1003 3444 1256 3509 strenue
1295 3446 1493 3510 castra
1521 3447 1604 3509 de
1636 3444 2053 3515 cuderentur,

126 3522 294 3584 -scalas
319 3526 661 3588 adferente
695 3528 967 3611 quodam
1001 3526 1153 3590 vasti
1187 3531 1487 3613 corporis
1519 3529 1776 3611 juvene,
1822 3528 2055 3585 Roma-

139 3615 226 3660 nos
243 3606 544 3669 animatos
581 3609 839 3692 plenam
866 3609 1206 3688 victoriam
1240 3610 1685 3695 reportaviss'e.
1731 3605 1925 3669 Caesa
1955 3604 2055 3666 di-

143 3696 326 3747 cuntur
346 3690 414 3749 in
438 3691 700 3774 proelio
719 3704 783 3752 et
811 3688 1027 3753 castris
1057 3690 1328 3753 hostium
1345 3693 1548 3753 millia
1567 3689 1837 3773 viginti}
1868 3687 2055 3770 quin·
2087 3735 2092 3744 ,

145 3778 236 3841 que
264 3771 490 3846 millia,
551 3792 699 3833 cum
749 3771 889 3858 ipso
937 3773 1334 3857 imperatore
1380 3773 1715 3858 signisque
1761 3768 2054 3832 militari·
2105 3855 2108 3856 V

590 3876 740 3885 m

194 3909 313 3986 Cap.
334 3919 438 3975 IV.
477 3918 685 3992 Poiyh.
701 3939 755 3989 π,
776 3938 863 3978 20.
902 3921 1066 3977 Flor.
1103 3877 1309 3993 Polyb,
1329 3938 1383 3988 π,
1408 3939 1489 3990 ¹9·
1526 3918 1676 3976 Plin.
1694 3921 1749 3986 3,
1772 3920 1857 3976 15.
1908 3918 2051 3991 Cap.

149 3973 203 4030 V·
228 3984 414 4057 Polyb.
434 4008 485 4056 α,
501 4009 588 4046 20.
627 3990 871 4062 Dionys.
890 3988 1047 4065 apud
1062 3991 1231 4046 Fulv.
1253 3990 1548 4045 Ursinum.
1622 3990 1769 4062 Cap.
1792 3989 1894 4044 VI.
1923 3987 2050 4042 Liv.

148 4043 182 4097 Ε
214 4050 265 4105 it.
285 4073 360 4112 ιι.
393 4059 638 4129 Dionys.
670 4058 935 4129 PBt-34,
952 4078 1008 4129 7.
1058 4060 1192 4117 val.
1231 4060 1386 4114 Max.
1426 4076 1476 4126 ι,
1504 4059 1558 4126 8,
1585 4060 1643 4114 6.
1680 4067 1746 4112 et.
1763 4057 2061 4117 Ammiani«

191 4124 625 4198 ειηοῙΙίιιΑάῃὸ.
1529 4161 1540 4170 ν
1645 4173 1650 4182 ,
