<?xml version="1.0" encoding="UTF-8"?>
<!DOCTYPE html PUBLIC "-//W3C//DTD XHTML 1.0 Transitional//EN"
    "http://www.w3.org/TR/xhtml1/DTD/xhtml1-transitional.dtd">
<html xmlns="http://www.w3.org/1999/xhtml" xml:lang="en" lang="en">
 <head>
  <title>
</title>
<meta http-equiv="Content-Type" content="text/html;charset=utf-8" />
  <meta name='ocr-system' content='tesseract 3.04.00' />
  <meta name='ocr-capabilities' content='ocr_page ocr_carea ocr_par ocr_line ocrx_word'/>
</head>
<body>
  <div class='ocr_page' id='page_1' title='image "./tliviipatavinih07unkngoog_0048.png"; bbox 0 0 2717 4659; ppageno 0'>
   <div class='ocr_carea' id='block_1_1' title="bbox 600 142 2403 221">
    <p class='ocr_par' dir='ltr' id='par_1_1' title="bbox 600 142 2403 221">
     <span class='ocr_line' id='line_1_1' title="bbox 600 142 2403 221; baseline -0.002 -12"><span class='ocrx_word' id='word_1_1' title='bbox 600 151 679 221; x_wconf 74' lang='lat'><strong>42</strong></span> <span class='ocrx_word' id='word_1_2' title='bbox 737 146 1293 210; x_wconf 71' lang='lat' dir='ltr'><strong>FREINSHEMII</strong></span> <span class='ocrx_word' id='word_1_3' title='bbox 1322 142 2139 208; x_wconf 75' lang='lat' dir='ltr'><strong>SUPPLEMENTORUM</strong></span> <span class='ocrx_word' id='word_1_4' title='bbox 2161 145 2307 219; x_wconf 65' lang='lat' dir='ltr'><strong>Lus,</strong></span> <span class='ocrx_word' id='word_1_5' title='bbox 2330 146 2403 206; x_wconf 89' lang='lat'><strong>11.</strong></span> 
     </span>
    </p>
   </div>
   <div class='ocr_carea' id='block_1_2' title="bbox 176 325 2569 517">
    <p class='ocr_par' dir='ltr' id='par_1_2' title="bbox 176 325 2569 517">
     <span class='ocr_line' id='line_1_2' title="bbox 176 325 2563 436; baseline -0.001 -21"><span class='ocrx_word' id='word_1_6' title='bbox 176 327 211 360; x_wconf 55' lang='lat'>⁸</span> <span class='ocrx_word' id='word_1_7' title='bbox 261 346 537 415; x_wconf 76' lang='lat' dir='ltr'><strong>U·&lt;²·472·</strong></span> <span class='ocrx_word' id='word_1_8' title='bbox 600 354 757 415; x_wconf 88' lang='lat' dir='ltr'><strong>lium</strong></span> <span class='ocrx_word' id='word_1_9' title='bbox 798 354 1235 417; x_wconf 82' lang='lat' dir='ltr'><strong>Ptolemaeum</strong></span> <span class='ocrx_word' id='word_1_10' title='bbox 1277 354 1517 436; x_wconf 90' lang='lat' dir='ltr'><strong>(quem</strong></span> <span class='ocrx_word' id='word_1_11' title='bbox 1546 350 1892 413; x_wconf 77' lang='lat' dir='ltr'><strong>discedens</strong></span> <span class='ocrx_word' id='word_1_12' title='bbox 1926 351 2065 435; x_wconf 80' lang='lat' dir='ltr'><strong>ipse</strong></span> <span class='ocrx_word' id='word_1_13' title='bbox 2108 371 2315 434; x_wconf 82' lang='lat' dir='ltr'><strong>regno</strong></span> <span class='ocrx_word' id='word_1_14' title='bbox 2350 325 2563 435; x_wconf 67' lang='lat' dir='ltr'><strong>prae-</strong></span> 
     </span>
     <span class='ocr_line' id='line_1_3' title="bbox 602 432 2569 517; baseline -0.002 -20"><span class='ocrx_word' id='word_1_15' title='bbox 602 435 848 497; x_wconf 84' lang='lat' dir='ltr'><strong>fecerat</strong></span> <span class='ocrx_word' id='word_1_16' title='bbox 882 455 1191 497; x_wconf 87' lang='lat' dir='ltr'><strong>annorum</strong></span> <span class='ocrx_word' id='word_1_17' title='bbox 1215 432 1584 517; x_wconf 86' lang='lat' dir='ltr'><strong>quindecim</strong></span> <span class='ocrx_word' id='word_1_18' title='bbox 1614 432 2133 514; x_wconf 75' lang='lat' dir='ltr'><strong>adolescentem)</strong></span> <span class='ocrx_word' id='word_1_19' title='bbox 2177 432 2524 514; x_wconf 84' lang='lat' dir='ltr'><strong>ablegabat</strong></span> <span class='ocrx_word' id='word_1_20' title='bbox 2543 453 2569 494; x_wconf 67' lang='grc' dir='ltr'><em>ε</em></span> 
     </span>
    </p>
   </div>
   <div class='ocr_carea' id='block_1_3' title="bbox 604 513 2674 601">
    <p class='ocr_par' dir='ltr' id='par_1_3' title="bbox 604 513 2674 601">
     <span class='ocr_line' id='line_1_4' title="bbox 604 513 2674 601; baseline -0.001 -24"><span class='ocrx_word' id='word_1_21' title='bbox 604 517 767 578; x_wconf 88' lang='lat' dir='ltr'><strong>alios</strong></span> <span class='ocrx_word' id='word_1_22' title='bbox 820 537 943 601; x_wconf 85' lang='lat' dir='ltr'><strong>per</strong></span> <span class='ocrx_word' id='word_1_23' title='bbox 984 516 1268 577; x_wconf 91' lang='lat' dir='ltr'><strong>occultas</strong></span> <span class='ocrx_word' id='word_1_24' title='bbox 1307 513 1561 577; x_wconf 76' lang='lat' dir='ltr'><strong>infidias</strong></span> <span class='ocrx_word' id='word_1_25' title='bbox 1601 518 1684 578; x_wconf 94' lang='lat' dir='ltr'><strong>de</strong></span> <span class='ocrx_word' id='word_1_26' title='bbox 1731 513 1948 577; x_wconf 86' lang='lat' dir='ltr'><strong>medio</strong></span> <span class='ocrx_word' id='word_1_27' title='bbox 1990 515 2300 577; x_wconf 75' lang='lat' dir='ltr'><strong>tollebat-2·</strong></span> <span class='ocrx_word' id='word_1_28' title='bbox 2363 527 2572 575; x_wconf 84' lang='lat' dir='ltr'><strong>erant</strong></span> <span class='ocrx_word' id='word_1_29' title='bbox 2673 593 2674 598; x_wconf 8' lang='grc' dir='ltr'>η</span> 
     </span>
    </p>
   </div>
   <div class='ocr_carea' id='block_1_4' title="bbox 206 593 2654 1502">
    <p class='ocr_par' dir='ltr' id='par_1_4' title="bbox 604 593 2569 681">
     <span class='ocr_line' id='line_1_5' title="bbox 604 593 2569 681; baseline -0.001 -25"><span class='ocrx_word' id='word_1_30' title='bbox 604 619 768 681; x_wconf 87' lang='lat' dir='ltr'><strong>quos</strong></span> <span class='ocrx_word' id='word_1_31' title='bbox 803 598 1113 660; x_wconf 84' lang='lat' dir='ltr'><strong>adfectata</strong></span> <span class='ocrx_word' id='word_1_32' title='bbox 1132 596 1518 659; x_wconf 81' lang='lat' dir='ltr'><strong>humanitate</strong></span> <span class='ocrx_word' id='word_1_33' title='bbox 1548 596 1942 679; x_wconf 81' lang='lat' dir='ltr'><strong>complexus,</strong></span> <span class='ocrx_word' id='word_1_34' title='bbox 1987 597 2158 659; x_wconf 89' lang='lat' dir='ltr'><strong>inter</strong></span> <span class='ocrx_word' id='word_1_35' title='bbox 2177 593 2569 657; x_wconf 77' lang='lat' dir='ltr'><strong>familiaris-</strong></span> 
     </span>
    </p>

    <p class='ocr_par' dir='ltr' id='par_1_5' title="bbox 607 676 2576 762">
     <span class='ocr_line' id='line_1_6' title="bbox 607 676 2576 762; baseline -0.001 -24"><span class='ocrx_word' id='word_1_36' title='bbox 607 679 802 740; x_wconf 85' lang='lat' dir='ltr'><strong>simos</strong></span> <span class='ocrx_word' id='word_1_37' title='bbox 838 679 1141 750; x_wconf 83' lang='lat' dir='ltr'><strong>haberet,</strong></span> <span class='ocrx_word' id='word_1_38' title='bbox 1203 698 1331 760; x_wconf 92' lang='lat' dir='ltr'><strong>quo</strong></span> <span class='ocrx_word' id='word_1_39' title='bbox 1376 680 1618 762; x_wconf 85' lang='lat' dir='ltr'><strong>populo</strong></span> <span class='ocrx_word' id='word_1_40' title='bbox 1667 677 2098 760; x_wconf 83' lang='lat' dir='ltr'><strong>suspectiores</strong></span> <span class='ocrx_word' id='word_1_41' title='bbox 2139 676 2389 739; x_wconf 87' lang='lat' dir='ltr'><strong>fierent.</strong></span> <span class='ocrx_word' id='word_1_42' title='bbox 2484 680 2576 736; x_wconf 78' lang='lat' dir='ltr'><strong>ln</strong></span> 
     </span>
    </p>

    <p class='ocr_par' dir='ltr' id='par_1_6' title="bbox 269 757 2638 923">
     <span class='ocr_line' id='line_1_7' title="bbox 306 757 2638 855; baseline -0.002 -35"><span class='ocrx_word' id='word_1_43' title='bbox 306 801 355 855; x_wconf 67' lang='lat' dir='ltr'><em>P</em></span> <span class='ocrx_word' id='word_1_44' title='bbox 413 803 546 855; x_wconf 54' lang='lat' dir='ltr'><strong>rh„</strong></span> <span class='ocrx_word' id='word_1_45' title='bbox 602 759 705 820; x_wconf 86' lang='lat' dir='ltr'><strong>his</strong></span> <span class='ocrx_word' id='word_1_46' title='bbox 749 758 1144 822; x_wconf 79' lang='lat' dir='ltr'><strong>Aristarchus</strong></span> <span class='ocrx_word' id='word_1_47' title='bbox 1182 772 1356 830; x_wconf 89' lang='lat' dir='ltr'><strong>erat,</strong></span> <span class='ocrx_word' id='word_1_48' title='bbox 1398 759 1500 820; x_wconf 85' lang='lat' dir='ltr'><strong>vir</strong></span> <span class='ocrx_word' id='word_1_49' title='bbox 1534 760 1725 823; x_wconf 69' lang='lat' dir='ltr'><strong>intera,</strong></span> <span class='ocrx_word' id='word_1_50' title='bbox 1738 760 2047 842; x_wconf 82' lang='lat' dir='ltr'><strong>primates</strong></span> <span class='ocrx_word' id='word_1_51' title='bbox 2071 780 2286 820; x_wconf 90' lang='lat' dir='ltr'><strong>amore</strong></span> <span class='ocrx_word' id='word_1_52' title='bbox 2310 757 2570 819; x_wconf 83' lang='lat' dir='ltr'><strong>civium</strong></span> <span class='ocrx_word' id='word_1_53' title='bbox 2621 833 2638 844; x_wconf 28' lang='grc' dir='ltr'><strong><em>Ξ</em></strong></span> 
     </span>
     <span class='ocr_line' id='line_1_8' title="bbox 269 821 2570 923; baseline -0.002 -21"><span class='ocrx_word' id='word_1_54' title='bbox 269 821 580 923; x_wconf 40' lang='lat' dir='ltr'><strong>Thana„</strong></span> <span class='ocrx_word' id='word_1_55' title='bbox 606 854 673 902; x_wconf 86' lang='lat' dir='ltr'><strong>et</strong></span> <span class='ocrx_word' id='word_1_56' title='bbox 710 841 1075 923; x_wconf 81' lang='lat' dir='ltr'><strong>eloquentia</strong></span> <span class='ocrx_word' id='word_1_57' title='bbox 1112 841 1455 901; x_wconf 84' lang='lat' dir='ltr'><strong>excellens.</strong></span> <span class='ocrx_word' id='word_1_58' title='bbox 1540 844 1763 910; x_wconf 89' lang='lat' dir='ltr'><strong>Hunc,</strong></span> <span class='ocrx_word' id='word_1_59' title='bbox 1830 841 1977 923; x_wconf 83' lang='lat' dir='ltr'><strong>quia</strong></span> <span class='ocrx_word' id='word_1_60' title='bbox 2013 839 2426 901; x_wconf 86' lang='lat' dir='ltr'><strong>nihilominus</strong></span> <span class='ocrx_word' id='word_1_61' title='bbox 2486 840 2570 898; x_wconf 83' lang='lat' dir='ltr'><strong>in</strong></span> 
     </span>
    </p>

    <p class='ocr_par' dir='ltr' id='par_1_7' title="bbox 206 913 2571 1008">
     <span class='ocr_line' id='line_1_9' title="bbox 206 913 2571 1008; baseline 0 -29"><span class='ocrx_word' id='word_1_62' title='bbox 206 970 214 979; x_wconf 89' lang='grc'><em>,</em></span> <span class='ocrx_word' id='word_1_63' title='bbox 285 942 538 1008; x_wconf 58' lang='grc' dir='ltr'><strong>μανίην</strong></span> <span class='ocrx_word' id='word_1_64' title='bbox 604 925 827 1004; x_wconf 79' lang='lat' dir='ltr'><strong>magna</strong></span> <span class='ocrx_word' id='word_1_65' title='bbox 889 921 1054 1006; x_wconf 89' lang='lat' dir='ltr'><strong>apud</strong></span> <span class='ocrx_word' id='word_1_66' title='bbox 1101 920 1575 986; x_wconf 84' lang='lat' dir='ltr'><strong>multitudinem</strong></span> <span class='ocrx_word' id='word_1_67' title='bbox 1622 921 1825 1007; x_wconf 84' lang='lat' dir='ltr'><strong>gratia</strong></span> <span class='ocrx_word' id='word_1_68' title='bbox 1868 913 1999 983; x_wconf 80' lang='lat' dir='ltr'><strong>ess&#39;e</strong></span> <span class='ocrx_word' id='word_1_69' title='bbox 2034 921 2379 992; x_wconf 82' lang='lat' dir='ltr'><strong>cernebat,</strong></span> <span class='ocrx_word' id='word_1_70' title='bbox 2424 939 2571 1003; x_wconf 85' lang='lat' dir='ltr'><strong>per</strong></span> 
     </span>
    </p>

    <p class='ocr_par' dir='ltr' id='par_1_8' title="bbox 259 1001 2573 1087">
     <span class='ocr_line' id='line_1_10' title="bbox 259 1001 2573 1087; baseline 0.001 -28"><span class='ocrx_word' id='word_1_71' title='bbox 259 1008 483 1078; x_wconf 70' lang='lat' dir='ltr'><strong>premit.</strong></span> <span class='ocrx_word' id='word_1_72' title='bbox 605 1004 870 1064; x_wconf 82' lang='lat' dir='ltr'><strong>caussam</strong></span> <span class='ocrx_word' id='word_1_73' title='bbox 906 1003 1072 1066; x_wconf 81' lang='lat' dir='ltr'><strong>certi</strong></span> <span class='ocrx_word' id='word_1_74' title='bbox 1105 1001 1354 1084; x_wconf 82' lang='lat' dir='ltr'><strong>negotii</strong></span> <span class='ocrx_word' id='word_1_75' title='bbox 1391 1006 1691 1087; x_wconf 83' lang='lat' dir='ltr'><strong>navigare</strong></span> <span class='ocrx_word' id='word_1_76' title='bbox 1738 1004 1800 1064; x_wconf 88' lang='lat' dir='ltr'><strong>in</strong></span> <span class='ocrx_word' id='word_1_77' title='bbox 1832 1004 2103 1086; x_wconf 81' lang='lat' dir='ltr'><strong>Epirum</strong></span> <span class='ocrx_word' id='word_1_78' title='bbox 2139 1003 2330 1085; x_wconf 86' lang='lat' dir='ltr'><strong>jussit.</strong></span> <span class='ocrx_word' id='word_1_79' title='bbox 2397 1003 2573 1062; x_wconf 75' lang='lat' dir='ltr'><strong>Ari-</strong></span> 
     </span>
    </p>

    <p class='ocr_par' dir='ltr' id='par_1_9' title="bbox 606 1083 2571 1168">
     <span class='ocr_line' id='line_1_11' title="bbox 606 1083 2571 1168; baseline -0.001 -22"><span class='ocrx_word' id='word_1_80' title='bbox 606 1083 919 1156; x_wconf 87' lang='lat' dir='ltr'><strong>starchus,</strong></span> <span class='ocrx_word' id='word_1_81' title='bbox 1032 1105 1182 1145; x_wconf 88' lang='lat' dir='ltr'><strong>uum</strong></span> <span class='ocrx_word' id='word_1_82' title='bbox 1231 1083 1547 1168; x_wconf 83' lang='lat' dir='ltr'><strong>refragari</strong></span> <span class='ocrx_word' id='word_1_83' title='bbox 1598 1087 1773 1168; x_wconf 83' lang='lat' dir='ltr'><strong>regis</strong></span> <span class='ocrx_word' id='word_1_84' title='bbox 1820 1085 2128 1167; x_wconf 82' lang='lat' dir='ltr'><strong>imperio,</strong></span> <span class='ocrx_word' id='word_1_85' title='bbox 2191 1084 2571 1168; x_wconf 83' lang='lat' dir='ltr'><strong>praesentis</strong></span> 
     </span>
    </p>

    <p class='ocr_par' dir='ltr' id='par_1_10' title="bbox 606 1163 2569 1250">
     <span class='ocr_line' id='line_1_12' title="bbox 606 1163 2569 1250; baseline -0.001 -23"><span class='ocrx_word' id='word_1_86' title='bbox 606 1165 821 1241; x_wconf 81' lang='lat' dir='ltr'><strong>exitii3</strong></span> <span class='ocrx_word' id='word_1_87' title='bbox 868 1166 989 1228; x_wconf 91' lang='lat' dir='ltr'><strong>obe</strong></span> <span class='ocrx_word' id='word_1_88' title='bbox 1039 1165 1173 1239; x_wconf 89' lang='lat' dir='ltr'><strong>ire,</strong></span> <span class='ocrx_word' id='word_1_89' title='bbox 1231 1185 1357 1227; x_wconf 86' lang='lat' dir='ltr'><strong>non</strong></span> <span class='ocrx_word' id='word_1_90' title='bbox 1410 1168 1669 1250; x_wconf 89' lang='lat' dir='ltr'><strong>quidem</strong></span> <span class='ocrx_word' id='word_1_91' title='bbox 1704 1188 1907 1249; x_wconf 84' lang='lat' dir='ltr'><strong>aeque</strong></span> <span class='ocrx_word' id='word_1_92' title='bbox 1951 1165 2240 1237; x_wconf 77' lang='lat' dir='ltr'><strong>velocis,</strong></span> <span class='ocrx_word' id='word_1_93' title='bbox 2299 1163 2411 1226; x_wconf 88' lang='lat' dir='ltr'><strong>sed</strong></span> <span class='ocrx_word' id='word_1_94' title='bbox 2443 1180 2569 1226; x_wconf 77' lang='lat' dir='ltr'><strong>-ta-</strong></span> 
     </span>
    </p>

    <p class='ocr_par' dir='ltr' id='par_1_11' title="bbox 604 1246 2572 1329">
     <span class='ocr_line' id='line_1_13' title="bbox 604 1246 2572 1329; baseline -0.001 -21"><span class='ocrx_word' id='word_1_95' title='bbox 604 1268 750 1308; x_wconf 88' lang='lat' dir='ltr'><strong>men</strong></span> <span class='ocrx_word' id='word_1_96' title='bbox 791 1266 995 1329; x_wconf 89' lang='lat' dir='ltr'><strong>aeque</strong></span> <span class='ocrx_word' id='word_1_97' title='bbox 1053 1246 1217 1309; x_wconf 91' lang='lat' dir='ltr'><strong>certi</strong></span> <span class='ocrx_word' id='word_1_98' title='bbox 1270 1248 1662 1320; x_wconf 52' lang='lat' dir='ltr'><strong>videreturq</strong></span> <span class='ocrx_word' id='word_1_99' title='bbox 1710 1250 2055 1310; x_wconf 76' lang='lat' dir='ltr'><strong>conscensa</strong></span> <span class='ocrx_word' id='word_1_100' title='bbox 2088 1249 2234 1308; x_wconf 84' lang='lat' dir='ltr'><strong>navi</strong></span> <span class='ocrx_word' id='word_1_101' title='bbox 2270 1247 2572 1329; x_wconf 83' lang='lat' dir='ltr'><strong>paullum</strong></span> 
     </span>
    </p>

    <p class='ocr_par' dir='ltr' id='par_1_12' title="bbox 604 1327 2654 1412">
     <span class='ocr_line' id='line_1_14' title="bbox 604 1327 2654 1412; baseline 0 -24"><span class='ocrx_word' id='word_1_102' title='bbox 604 1335 951 1412; x_wconf 80' lang='lat' dir='ltr'><strong>provectus</strong></span> <span class='ocrx_word' id='word_1_103' title='bbox 975 1370 991 1400; x_wconf 91' lang='lat'><strong>,</strong></span> <span class='ocrx_word' id='word_1_104' title='bbox 1036 1327 1214 1390; x_wconf 80' lang='lat' dir='ltr'><strong>flexit</strong></span> <span class='ocrx_word' id='word_1_105' title='bbox 1255 1330 1505 1391; x_wconf 81' lang='lat' dir='ltr'><strong>cursum</strong></span> <span class='ocrx_word' id='word_1_106' title='bbox 1541 1330 1619 1390; x_wconf 89' lang='lat' dir='ltr'><strong>ad</strong></span> <span class='ocrx_word' id='word_1_107' title='bbox 1653 1330 1880 1408; x_wconf 61' lang='lat' dir='ltr'><strong>urbem</strong></span> <span class='ocrx_word' id='word_1_108' title='bbox 1909 1333 2291 1400; x_wconf 86' lang='lat' dir='ltr'><strong>Romanam,</strong></span> <span class='ocrx_word' id='word_1_109' title='bbox 2339 1342 2405 1388; x_wconf 86' lang='lat' dir='ltr'><strong>et</strong></span> <span class='ocrx_word' id='word_1_110' title='bbox 2441 1348 2568 1388; x_wconf 80' lang='lat' dir='ltr'><strong>re·-</strong></span> <span class='ocrx_word' id='word_1_111' title='bbox 2649 1365 2654 1374; x_wconf 83' lang='lat'><em>-</em></span> 
     </span>
    </p>

    <p class='ocr_par' dir='ltr' id='par_1_13' title="bbox 607 1407 2569 1502">
     <span class='ocr_line' id='line_1_15' title="bbox 607 1407 2569 1502; baseline -0.001 -31"><span class='ocrx_word' id='word_1_112' title='bbox 607 1421 833 1502; x_wconf 77' lang='lat' dir='ltr'><strong>ceptus</strong></span> <span class='ocrx_word' id='word_1_113' title='bbox 882 1410 948 1470; x_wconf 90' lang='lat' dir='ltr'><strong>in</strong></span> <span class='ocrx_word' id='word_1_114' title='bbox 997 1407 1192 1470; x_wconf 88' lang='lat' dir='ltr'><strong>fidem</strong></span> <span class='ocrx_word' id='word_1_115' title='bbox 1233 1409 1314 1472; x_wconf 90' lang='lat' dir='ltr'><strong>de</strong></span> <span class='ocrx_word' id='word_1_116' title='bbox 1348 1411 1544 1472; x_wconf 88' lang='lat' dir='ltr'><strong>rebus</strong></span> <span class='ocrx_word' id='word_1_117' title='bbox 1581 1412 1797 1473; x_wconf 83' lang='lat' dir='ltr'><strong>multis</strong></span> <span class='ocrx_word' id='word_1_118' title='bbox 1840 1412 2215 1496; x_wconf 84' lang='lat' dir='ltr'><strong>magnisque</strong></span> <span class='ocrx_word' id='word_1_119' title='bbox 2260 1422 2569 1471; x_wconf 85' lang='lat' dir='ltr'><strong>senatum</strong></span> 
     </span>
    </p>
   </div>
   <div class='ocr_carea' id='block_1_5' title="bbox 603 1487 1192 1574">
    <p class='ocr_par' dir='ltr' id='par_1_14' title="bbox 603 1487 1192 1574">
     <span class='ocr_line' id='line_1_16' title="bbox 603 1487 1192 1574; baseline -0.002 -24"><span class='ocrx_word' id='word_1_120' title='bbox 603 1491 874 1574; x_wconf 74' lang='lat' dir='ltr'><strong>largiter</strong></span> <span class='ocrx_word' id='word_1_121' title='bbox 913 1487 1192 1556; x_wconf 75' lang='lat' dir='ltr'><strong>edocuit.</strong></span> 
     </span>
    </p>
   </div>
   <div class='ocr_carea' id='block_1_6' title="bbox 214 1594 2568 2412">
    <p class='ocr_par' dir='ltr' id='par_1_15' title="bbox 214 1594 2567 1844">
     <span class='ocr_line' id='line_1_17' title="bbox 214 1594 2565 1678; baseline -0 -22"><span class='ocrx_word' id='word_1_122' title='bbox 214 1631 219 1636; x_wconf 83' lang='lat'><em>·</em></span> <span class='ocrx_word' id='word_1_123' title='bbox 299 1618 558 1670; x_wconf 64' lang='lat' dir='ltr'><strong>Romano.</strong></span> <span class='ocrx_word' id='word_1_124' title='bbox 725 1597 954 1672; x_wconf 62' lang='lat' dir='ltr'><strong>xxm.</strong></span> <span class='ocrx_word' id='word_1_125' title='bbox 1000 1599 1166 1658; x_wconf 88' lang='lat' dir='ltr'><strong>Dum</strong></span> <span class='ocrx_word' id='word_1_126' title='bbox 1199 1597 1358 1658; x_wconf 84' lang='lat' dir='ltr'><strong>haec</strong></span> <span class='ocrx_word' id='word_1_127' title='bbox 1399 1597 1664 1658; x_wconf 85' lang='lat' dir='ltr'><strong>Tarenti</strong></span> <span class='ocrx_word' id='word_1_128' title='bbox 1702 1597 1986 1678; x_wconf 81' lang='lat' dir='ltr'><strong>Pyrrhus</strong></span> <span class='ocrx_word' id='word_1_129' title='bbox 2012 1594 2418 1668; x_wconf 79' lang='lat' dir='ltr'><strong>administrat,</strong></span> <span class='ocrx_word' id='word_1_130' title='bbox 2451 1596 2565 1655; x_wconf 87' lang='lat' dir='ltr'><strong>ni-</strong></span> 
     </span>
     <span class='ocr_line' id='line_1_18' title="bbox 269 1675 2567 1762; baseline 0 -24"><span class='ocrx_word' id='word_1_131' title='bbox 269 1703 578 1759; x_wconf 78' lang='lat' dir='ltr'><strong>rumappa-</strong></span> <span class='ocrx_word' id='word_1_132' title='bbox 604 1675 745 1737; x_wconf 65' lang='lat' dir='ltr'><strong>hilo*</strong></span> <span class='ocrx_word' id='word_1_133' title='bbox 777 1680 1038 1761; x_wconf 85' lang='lat' dir='ltr'><strong>segnius</strong></span> <span class='ocrx_word' id='word_1_134' title='bbox 1071 1678 1145 1738; x_wconf 89' lang='lat' dir='ltr'><strong>ad</strong></span> <span class='ocrx_word' id='word_1_135' title='bbox 1179 1679 1416 1740; x_wconf 86' lang='lat' dir='ltr'><strong>bellum</strong></span> <span class='ocrx_word' id='word_1_136' title='bbox 1447 1679 1801 1760; x_wconf 68' lang='lat' dir='ltr'><strong>get-&#39;endum</strong></span> <span class='ocrx_word' id='word_1_137' title='bbox 1837 1679 2002 1762; x_wconf 83' lang='lat' dir='ltr'><strong>apud</strong></span> <span class='ocrx_word' id='word_1_138' title='bbox 2025 1682 2346 1739; x_wconf 81' lang='lat' dir='ltr'><strong>Romanos</strong></span> <span class='ocrx_word' id='word_1_139' title='bbox 2370 1677 2567 1738; x_wconf 85' lang='lat' dir='ltr'><strong>dele-</strong></span> 
     </span>
     <span class='ocr_line' id='line_1_19' title="bbox 268 1758 2564 1844; baseline -0 -25"><span class='ocrx_word' id='word_1_140' title='bbox 268 1771 450 1828; x_wconf 60' lang='lat' dir='ltr'><strong>mus·</strong></span> <span class='ocrx_word' id='word_1_141' title='bbox 607 1774 746 1819; x_wconf 84' lang='lat' dir='ltr'><strong>ctus</strong></span> <span class='ocrx_word' id='word_1_142' title='bbox 787 1762 1167 1842; x_wconf 82' lang='lat' dir='ltr'><strong>agebantur,</strong></span> <span class='ocrx_word' id='word_1_143' title='bbox 1217 1759 1612 1842; x_wconf 83' lang='lat' dir='ltr'><strong>cogebantur</strong></span> <span class='ocrx_word' id='word_1_144' title='bbox 1640 1761 1976 1844; x_wconf 85' lang='lat' dir='ltr'><strong>pecuniae,</strong></span> <span class='ocrx_word' id='word_1_145' title='bbox 2020 1761 2199 1822; x_wconf 77' lang='lat' dir='ltr'><strong>miffo</strong></span> <span class='ocrx_word' id='word_1_146' title='bbox 2236 1759 2313 1819; x_wconf 76' lang='lat' dir='ltr'><strong>acl</strong></span> <span class='ocrx_word' id='word_1_147' title='bbox 2340 1758 2564 1819; x_wconf 86' lang='lat' dir='ltr'><strong>socias</strong></span> 
     </span>
    </p>

    <p class='ocr_par' dir='ltr' id='par_1_16' title="bbox 392 1840 2565 1924">
     <span class='ocr_line' id='line_1_20' title="bbox 392 1840 2565 1924; baseline -0.001 -23"><span class='ocrx_word' id='word_1_148' title='bbox 392 1849 399 1855; x_wconf 81' lang='grc'>’</span> <span class='ocrx_word' id='word_1_149' title='bbox 607 1840 899 1903; x_wconf 84' lang='lat' dir='ltr'><strong>civitates</strong></span> <span class='ocrx_word' id='word_1_150' title='bbox 923 1844 993 1903; x_wconf 91' lang='lat' dir='ltr'><strong>C.</strong></span> <span class='ocrx_word' id='word_1_151' title='bbox 1026 1841 1346 1908; x_wconf 85' lang='lat' dir='ltr'><strong>Fabricio,</strong></span> <span class='ocrx_word' id='word_1_152' title='bbox 1395 1840 1505 1924; x_wconf 89' lang='lat' dir='ltr'><strong>qui</strong></span> <span class='ocrx_word' id='word_1_153' title='bbox 1529 1843 1905 1902; x_wconf 78' lang='lat' dir='ltr'><strong>auctoritate</strong></span> <span class='ocrx_word' id='word_1_154' title='bbox 1939 1843 2409 1924; x_wconf 31' lang='lat' dir='ltr'><strong>gratiaque-sua</strong></span> <span class='ocrx_word' id='word_1_155' title='bbox 2437 1840 2565 1900; x_wconf 87' lang='lat' dir='ltr'><strong>de-</strong></span> 
     </span>
    </p>

    <p class='ocr_par' dir='ltr' id='par_1_17' title="bbox 604 1919 2568 2004">
     <span class='ocr_line' id='line_1_21' title="bbox 604 1919 2568 2004; baseline -0.002 -22"><span class='ocrx_word' id='word_1_156' title='bbox 604 1933 889 1984; x_wconf 85' lang='lat' dir='ltr'><strong>terreret</strong></span> <span class='ocrx_word' id='word_1_157' title='bbox 922 1944 958 1984; x_wconf 90' lang='lat' dir='ltr'><strong>a</strong></span> <span class='ocrx_word' id='word_1_158' title='bbox 1003 1919 1219 1983; x_wconf 83' lang='lat' dir='ltr'><strong>studiis</strong></span> <span class='ocrx_word' id='word_1_159' title='bbox 1272 1922 1508 1983; x_wconf 82' lang='lat' dir='ltr'><strong>rerum&#39;</strong></span> <span class='ocrx_word' id='word_1_160' title='bbox 1541 1943 1882 1983; x_wconf 79' lang='lat' dir='ltr'><strong>novarum:</strong></span> <span class='ocrx_word' id='word_1_161' title='bbox 1941 1922 2234 2004; x_wconf 80' lang='lat' dir='ltr'><strong>quidam,</strong></span> <span class='ocrx_word' id='word_1_162' title='bbox 2280 1941 2568 2003; x_wconf 87' lang='lat' dir='ltr'><strong>quorum</strong></span> 
     </span>
    </p>

    <p class='ocr_par' dir='ltr' id='par_1_18' title="bbox 601 2001 2568 2182">
     <span class='ocr_line' id='line_1_22' title="bbox 601 2001 2568 2099; baseline -0.001 -36"><span class='ocrx_word' id='word_1_163' title='bbox 601 2001 898 2088; x_wconf 78' lang='lat' dir='ltr'><strong>suspecta</strong></span> <span class='ocrx_word' id='word_1_164' title='bbox 944 2004 1171 2066; x_wconf 82' lang='lat' dir='ltr'><strong>levitas</strong></span> <span class='ocrx_word' id='word_1_165' title='bbox 1225 2018 1402 2075; x_wconf 89' lang='lat' dir='ltr'><strong>erat,</strong></span> <span class='ocrx_word' id='word_1_166' title='bbox 1469 2004 1660 2064; x_wconf 85' lang='lat' dir='ltr'><strong>etiam</strong></span> <span class='ocrx_word' id='word_1_167' title='bbox 1706 2002 2040 2087; x_wconf 65' lang='lat' dir='ltr'><strong>praefidiis</strong></span> <span class='ocrx_word' id='word_1_168' title='bbox 2091 2004 2155 2062; x_wconf 90' lang='lat' dir='ltr'><strong>in</strong></span> <span class='ocrx_word' id='word_1_169' title='bbox 2194 2015 2568 2099; x_wconf 73' lang='lat' dir='ltr'><strong>opportuna</strong></span> 
     </span>
     <span class='ocr_line' id='line_1_23' title="bbox 606 2082 2566 2182; baseline -0.001 -39"><span class='ocrx_word' id='word_1_170' title='bbox 606 2084 747 2154; x_wconf 65' lang='lat' dir='ltr'><strong>loca</strong></span> <span class='ocrx_word' id='word_1_171' title='bbox 782 2084 1087 2182; x_wconf 68' lang='lat' dir='ltr'><strong>impositis</strong></span> <span class='ocrx_word' id='word_1_172' title='bbox 1110 2127 1125 2156; x_wconf 91' lang='lat'><strong>,</strong></span> <span class='ocrx_word' id='word_1_173' title='bbox 1186 2085 1250 2145; x_wconf 90' lang='lat' dir='ltr'><strong>in</strong></span> <span class='ocrx_word' id='word_1_174' title='bbox 1291 2083 1421 2146; x_wconf 88' lang='lat' dir='ltr'><strong>fide</strong></span> <span class='ocrx_word' id='word_1_175' title='bbox 1460 2086 1925 2146; x_wconf 81' lang='lat' dir='ltr'><strong>retinebantur.</strong></span> <span class='ocrx_word' id='word_1_176' title='bbox 2014 2082 2343 2177; x_wconf 73' lang='lat' dir='ltr'><strong>Quidquid</strong></span> <span class='ocrx_word' id='word_1_177' title='bbox 2379 2083 2566 2143; x_wconf 86' lang='lat' dir='ltr'><strong>enim</strong></span> 
     </span>
    </p>

    <p class='ocr_par' dir='ltr' id='par_1_19' title="bbox 479 2156 2565 2248">
     <span class='ocr_line' id='line_1_24' title="bbox 479 2156 2565 2248; baseline -0.001 -24"><span class='ocrx_word' id='word_1_178' title='bbox 479 2233 491 2245; x_wconf 46' lang='grc'>,</span> <span class='ocrx_word' id='word_1_179' title='bbox 610 2165 824 2244; x_wconf 75' lang='lat' dir='ltr'><strong>ubivis</strong></span> <span class='ocrx_word' id='word_1_180' title='bbox 865 2167 1135 2247; x_wconf 76' lang='lat' dir='ltr'><strong>injuriae</strong></span> <span class='ocrx_word' id='word_1_181' title='bbox 1177 2187 1324 2227; x_wconf 88' lang='lat' dir='ltr'><strong>acce</strong></span> <span class='ocrx_word' id='word_1_182' title='bbox 1372 2179 1475 2227; x_wconf 90' lang='lat' dir='ltr'><strong>tae</strong></span> <span class='ocrx_word' id='word_1_183' title='bbox 1515 2156 1922 2248; x_wconf 71' lang='lat' dir='ltr'><strong>persuafloue</strong></span> <span class='ocrx_word' id='word_1_184' title='bbox 1963 2187 2264 2247; x_wconf 78' lang='lat' dir='ltr'><strong>aegrum,</strong></span> <span class='ocrx_word' id='word_1_185' title='bbox 2310 2176 2414 2224; x_wconf 87' lang='lat' dir='ltr'><strong>aut</strong></span> <span class='ocrx_word' id='word_1_186' title='bbox 2444 2183 2565 2223; x_wconf 91' lang='lat' dir='ltr'><strong>cu-</strong></span> 
     </span>
    </p>

    <p class='ocr_par' dir='ltr' id='par_1_20' title="bbox 293 2189 2563 2329">
     <span class='ocr_line' id='line_1_25' title="bbox 293 2189 2563 2329; baseline -0.003 -19"><span class='ocrx_word' id='word_1_187' title='bbox 293 2232 581 2311; x_wconf 51' lang='lat' dir='ltr'><strong>qwsp&#39;m?</strong></span> <span class='ocrx_word' id='word_1_188' title='bbox 609 2246 876 2329; x_wconf 82' lang='lat' dir='ltr'><strong>piditate</strong></span> <span class='ocrx_word' id='word_1_189' title='bbox 912 2248 1189 2308; x_wconf 85' lang='lat' dir='ltr'><strong>novandi</strong></span> <span class='ocrx_word' id='word_1_190' title='bbox 1216 2189 1542 2309; x_wconf 54' lang='lat' dir='ltr'><strong>turgidum</strong></span> <span class='ocrx_word' id='word_1_191' title='bbox 1579 2261 1712 2309; x_wconf 86' lang='lat' dir='ltr'><strong>erat</strong></span> <span class='ocrx_word' id='word_1_192' title='bbox 1738 2290 1754 2318; x_wconf 89' lang='lat'>‚</span> <span class='ocrx_word' id='word_1_193' title='bbox 1798 2247 1865 2307; x_wconf 85' lang='lat' dir='ltr'><strong>id</strong></span> <span class='ocrx_word' id='word_1_194' title='bbox 1894 2267 2080 2308; x_wconf 87' lang='lat' dir='ltr'><strong>omne</strong></span> <span class='ocrx_word' id='word_1_195' title='bbox 2111 2260 2206 2307; x_wconf 92' lang='lat' dir='ltr'><strong>tot</strong></span> <span class='ocrx_word' id='word_1_196' title='bbox 2246 2245 2563 2314; x_wconf 70' lang='lat' dir='ltr'><strong>adversus</strong></span> 
     </span>
    </p>

    <p class='ocr_par' dir='ltr' id='par_1_21' title="bbox 269 2310 2563 2412">
     <span class='ocr_line' id='line_1_26' title="bbox 269 2310 2563 2412; baseline -0.002 -24"><span class='ocrx_word' id='word_1_197' title='bbox 269 2310 583 2351; x_wconf 65' lang='lat' dir='ltr'><strong>‘&#39;⁰⁸⁶⁵&#39;‘m&#39;</strong></span> <span class='ocrx_word' id='word_1_198' title='bbox 611 2349 798 2389; x_wconf 89' lang='lat' dir='ltr'><strong>unam</strong></span> <span class='ocrx_word' id='word_1_199' title='bbox 834 2342 1092 2405; x_wconf 73' lang='lat' dir='ltr'><strong>gentem</strong></span> <span class='ocrx_word' id='word_1_200' title='bbox 1124 2329 1621 2412; x_wconf 76' lang='lat' dir='ltr'><strong>conspirantium</strong></span> <span class='ocrx_word' id='word_1_201' title='bbox 1650 2330 2035 2412; x_wconf 84' lang='lat' dir='ltr'><strong>populorum</strong></span> <span class='ocrx_word' id='word_1_202' title='bbox 2072 2329 2296 2400; x_wconf 79' lang='lat' dir='ltr'><strong>robur,</strong></span> <span class='ocrx_word' id='word_1_203' title='bbox 2326 2340 2390 2387; x_wconf 90' lang='lat' dir='ltr'><strong>et</strong></span> <span class='ocrx_word' id='word_1_204' title='bbox 2414 2326 2563 2385; x_wconf 64' lang='lat' dir='ltr'><strong>bel:</strong></span> 
     </span>
    </p>
   </div>
   <div class='ocr_carea' id='block_1_7' title="bbox 479 1978 591 2029">
    <p class='ocr_par' dir='ltr' id='par_1_22' title="bbox 479 1978 591 2029">
     <span class='ocr_line' id='line_1_27' title="bbox 479 1978 591 2029; baseline 0 -13"><span class='ocrx_word' id='word_1_205' title='bbox 479 1978 507 2029; x_wconf 69' lang='lat' dir='ltr'><em>p</em></span> <span class='ocrx_word' id='word_1_206' title='bbox 586 1997 591 2016; x_wconf 85' lang='lat'><em>.</em></span> 
     </span>
    </p>
   </div>
   <div class='ocr_carea' id='block_1_8' title="bbox 268 2383 2564 2574">
    <p class='ocr_par' dir='ltr' id='par_1_23' title="bbox 268 2383 2564 2574">
     <span class='ocr_line' id='line_1_28' title="bbox 270 2383 2564 2505; baseline -0.001 -37"><span class='ocrx_word' id='word_1_207' title='bbox 270 2383 583 2488; x_wconf 38' lang='lat' dir='ltr'><strong>:³:sz&amp;ss</strong></span> <span class='ocrx_word' id='word_1_208' title='bbox 608 2408 963 2473; x_wconf 82' lang='lat' dir='ltr'><strong>licosiffimi</strong></span> <span class='ocrx_word' id='word_1_209' title='bbox 998 2410 1175 2490; x_wconf 85' lang='lat' dir='ltr'><strong>regis</strong></span> <span class='ocrx_word' id='word_1_210' title='bbox 1215 2410 1601 2505; x_wconf 67' lang='lat' dir='ltr'><strong>exspectatio</strong></span> <span class='ocrx_word' id='word_1_211' title='bbox 1644 2424 2095 2472; x_wconf 77' lang='lat' dir='ltr'><strong>commoverat.</strong></span> <span class='ocrx_word' id='word_1_212' title='bbox 2170 2429 2297 2492; x_wconf 89' lang='lat' dir='ltr'><strong>quo</strong></span> <span class='ocrx_word' id='word_1_213' title='bbox 2340 2409 2564 2468; x_wconf 85' lang='lat' dir='ltr'><strong>inten-</strong></span> 
     </span>
     <span class='ocr_line' id='line_1_29' title="bbox 268 2487 2560 2574; baseline -0.003 -20"><span class='ocrx_word' id='word_1_214' title='bbox 268 2518 384 2554; x_wconf 68' lang='grc' dir='ltr'><strong>ηας.</strong></span> <span class='ocrx_word' id='word_1_215' title='bbox 610 2490 813 2552; x_wconf 83' lang='lat' dir='ltr'><strong>tiores</strong></span> <span class='ocrx_word' id='word_1_216' title='bbox 845 2492 1149 2562; x_wconf 83' lang='lat' dir='ltr'><strong>Romani,</strong></span> <span class='ocrx_word' id='word_1_217' title='bbox 1195 2506 1399 2574; x_wconf 73' lang='lat' dir='ltr'><strong>capita</strong></span> <span class='ocrx_word' id='word_1_218' title='bbox 1425 2491 1813 2553; x_wconf 87' lang='lat' dir='ltr'><strong>seditionum</strong></span> <span class='ocrx_word' id='word_1_219' title='bbox 1834 2506 2078 2552; x_wconf 87' lang='lat' dir='ltr'><strong>mature</strong></span> <span class='ocrx_word' id='word_1_220' title='bbox 2102 2487 2560 2574; x_wconf 80' lang='lat' dir='ltr'><strong>opprimeudO,</strong></span> 
     </span>
    </p>
   </div>
   <div class='ocr_carea' id='block_1_9' title="bbox 526 2557 2564 2669">
    <p class='ocr_par' dir='ltr' id='par_1_24' title="bbox 526 2557 2564 2669">
     <span class='ocr_line' id='line_1_30' title="bbox 526 2557 2564 2669; baseline -0 -39"><span class='ocrx_word' id='word_1_221' title='bbox 526 2557 543 2598; x_wconf 59' lang='grc' dir='ltr'><em>Ι</em></span> <span class='ocrx_word' id='word_1_222' title='bbox 614 2573 943 2640; x_wconf 79' lang='lat' dir='ltr'><strong>securitati</strong></span> <span class='ocrx_word' id='word_1_223' title='bbox 980 2595 1137 2669; x_wconf 50' lang='lat' dir='ltr'><strong>suae·</strong></span> <span class='ocrx_word' id='word_1_224' title='bbox 1163 2572 1610 2669; x_wconf 68' lang='lat' dir='ltr'><strong>providebant.</strong></span> <span class='ocrx_word' id='word_1_225' title='bbox 1697 2571 1795 2633; x_wconf 82' lang='lat' dir='ltr'><strong>Eo</strong></span> <span class='ocrx_word' id='word_1_226' title='bbox 1831 2573 2125 2656; x_wconf 67' lang='lat' dir='ltr'><strong>tempore</strong></span> <span class='ocrx_word' id='word_1_227' title='bbox 2149 2572 2325 2633; x_wconf 80' lang='lat' dir='ltr'><strong>casus</strong></span> <span class='ocrx_word' id='word_1_228' title='bbox 2355 2573 2564 2654; x_wconf 62' lang='lat' dir='ltr'><strong>Prae7</strong></span> 
     </span>
    </p>
   </div>
   <div class='ocr_carea' id='block_1_10' title="bbox 572 2650 2566 3719">
    <p class='ocr_par' dir='ltr' id='par_1_25' title="bbox 572 2650 2566 3719">
     <span class='ocr_line' id='line_1_31' title="bbox 611 2650 2562 2739; baseline 0.001 -28"><span class='ocrx_word' id='word_1_229' title='bbox 611 2650 1000 2718; x_wconf 80' lang='lat' dir='ltr'><strong>uestinorum</strong></span> <span class='ocrx_word' id='word_1_230' title='bbox 1038 2676 1401 2739; x_wconf 69' lang='lat' dir='ltr'><strong>principum</strong></span> <span class='ocrx_word' id='word_1_231' title='bbox 1448 2655 1882 2727; x_wconf 81' lang='lat' dir='ltr'><strong>memorabilis</strong></span> <span class='ocrx_word' id='word_1_232' title='bbox 1922 2653 2092 2715; x_wconf 83' lang='lat' dir='ltr'><strong>suit:</strong></span> <span class='ocrx_word' id='word_1_233' title='bbox 2164 2654 2274 2737; x_wconf 87' lang='lat' dir='ltr'><strong>qui</strong></span> <span class='ocrx_word' id='word_1_234' title='bbox 2299 2695 2316 2725; x_wconf 90' lang='lat'>‚</span> <span class='ocrx_word' id='word_1_235' title='bbox 2361 2665 2562 2714; x_wconf 85' lang='lat' dir='ltr'><strong>nocte</strong></span> 
     </span>
     <span class='ocr_line' id='line_1_32' title="bbox 608 2731 2566 2820; baseline 0 -28"><span class='ocrx_word' id='word_1_236' title='bbox 608 2734 734 2818; x_wconf 80' lang='lat' dir='ltr'><strong>jam</strong></span> <span class='ocrx_word' id='word_1_237' title='bbox 766 2734 1128 2817; x_wconf 83' lang='lat' dir='ltr'><strong>ingruente,</strong></span> <span class='ocrx_word' id='word_1_238' title='bbox 1179 2757 1373 2820; x_wconf 88' lang='lat' dir='ltr'><strong>quum</strong></span> <span class='ocrx_word' id='word_1_239' title='bbox 1406 2735 1660 2796; x_wconf 85' lang='lat' dir='ltr'><strong>adducti</strong></span> <span class='ocrx_word' id='word_1_240' title='bbox 1688 2740 1948 2797; x_wconf 80' lang='lat' dir='ltr'><strong>Romam</strong></span> <span class='ocrx_word' id='word_1_241' title='bbox 1975 2737 2199 2809; x_wconf 84' lang='lat' dir='ltr'><strong>ess&#39;ent,</strong></span> <span class='ocrx_word' id='word_1_242' title='bbox 2240 2731 2566 2812; x_wconf 81' lang='lat' dir='ltr'><strong>custodiae</strong></span> 
     </span>
     <span class='ocr_line' id='line_1_33' title="bbox 572 2813 2566 2912; baseline -0.002 -34"><span class='ocrx_word' id='word_1_243' title='bbox 572 2835 581 2856; x_wconf 89' lang='lat'><strong><em>¹</em></strong></span> <span class='ocrx_word' id='word_1_244' title='bbox 614 2816 815 2878; x_wconf 78' lang='lat' dir='ltr'><strong>canll&#39;a</strong></span> <span class='ocrx_word' id='word_1_245' title='bbox 860 2818 1144 2879; x_wconf 88' lang='lat' dir='ltr'><strong>conclusi</strong></span> <span class='ocrx_word' id='word_1_246' title='bbox 1197 2831 1342 2877; x_wconf 85' lang='lat' dir='ltr'><strong>sunt</strong></span> <span class='ocrx_word' id='word_1_247' title='bbox 1381 2819 1445 2879; x_wconf 89' lang='lat' dir='ltr'><strong>in</strong></span> <span class='ocrx_word' id='word_1_248' title='bbox 1497 2820 1748 2879; x_wconf 85' lang='lat' dir='ltr'><strong>aerario</strong></span> <span class='ocrx_word' id='word_1_249' title='bbox 1783 2817 2079 2912; x_wconf 64' lang='lat' dir='ltr'><strong>PublicO,</strong></span> <span class='ocrx_word' id='word_1_250' title='bbox 2136 2832 2268 2878; x_wconf 88' lang='lat' dir='ltr'><strong>tum</strong></span> <span class='ocrx_word' id='word_1_251' title='bbox 2298 2813 2566 2876; x_wconf 77' lang='lat' dir='ltr'><strong>demum</strong></span> 
     </span>
     <span class='ocr_line' id='line_1_34' title="bbox 614 2891 2561 2982; baseline -0.001 -24"><span class='ocrx_word' id='word_1_252' title='bbox 614 2897 961 2961; x_wconf 78' lang='lat' dir='ltr'><strong>intellectis</strong></span> <span class='ocrx_word' id='word_1_253' title='bbox 1000 2899 1243 2962; x_wconf 83' lang='lat' dir='ltr'><strong>fallacis</strong></span> <span class='ocrx_word' id='word_1_254' title='bbox 1286 2899 1530 2960; x_wconf 87' lang='lat' dir='ltr'><strong>oraculi</strong></span> <span class='ocrx_word' id='word_1_255' title='bbox 1574 2900 1943 2982; x_wconf 72' lang='lat' dir='ltr'><strong>ambagibus</strong></span> <span class='ocrx_word' id='word_1_256' title='bbox 1968 2940 1984 2970; x_wconf 94' lang='lat'><strong>,</strong></span> <span class='ocrx_word' id='word_1_257' title='bbox 2046 2898 2226 2966; x_wconf 84' lang='lat' dir='ltr'><strong>cu’us</strong></span> <span class='ocrx_word' id='word_1_258' title='bbox 2267 2895 2395 2958; x_wconf 88' lang='lat' dir='ltr'><strong>fide</strong></span> <span class='ocrx_word' id='word_1_259' title='bbox 2433 2891 2561 2981; x_wconf 55' lang='lat' dir='ltr'><strong>poss</strong></span> 
     </span>
     <span class='ocr_line' id='line_1_35' title="bbox 611 2973 2563 3063; baseline 0.003 -26"><span class='ocrx_word' id='word_1_260' title='bbox 611 2973 941 3062; x_wconf 76' lang='lat' dir='ltr'><strong>pularibus</strong></span> <span class='ocrx_word' id='word_1_261' title='bbox 982 2979 1148 3055; x_wconf 84' lang='lat' dir='ltr'><strong>suis,</strong></span> <span class='ocrx_word' id='word_1_262' title='bbox 1215 2979 1292 3041; x_wconf 88' lang='lat' dir='ltr'><strong>ad</strong></span> <span class='ocrx_word' id='word_1_263' title='bbox 1332 2981 1764 3043; x_wconf 87' lang='lat' dir='ltr'><strong>desectionem</strong></span> <span class='ocrx_word' id='word_1_264' title='bbox 1800 3002 1912 3041; x_wconf 91' lang='lat' dir='ltr'><strong>eos</strong></span> <span class='ocrx_word' id='word_1_265' title='bbox 1946 2982 2118 3062; x_wconf 87' lang='lat' dir='ltr'><strong>impu</strong></span> <span class='ocrx_word' id='word_1_266' title='bbox 2146 2979 2313 3053; x_wconf 82' lang='lat' dir='ltr'><strong>suri,</strong></span> <span class='ocrx_word' id='word_1_267' title='bbox 2361 2996 2563 3063; x_wconf 79' lang='lat' dir='ltr'><strong>saepe</strong></span> 
     </span>
     <span class='ocr_line' id='line_1_36' title="bbox 616 3062 2564 3145; baseline -0.002 -26"><span class='ocrx_word' id='word_1_268' title='bbox 616 3062 1134 3145; x_wconf 82' lang='lat' dir='ltr'><strong>spoponderant,</strong></span> <span class='ocrx_word' id='word_1_269' title='bbox 1197 3063 1261 3123; x_wconf 89' lang='lat' dir='ltr'><strong>in</strong></span> <span class='ocrx_word' id='word_1_270' title='bbox 1316 3062 1467 3124; x_wconf 86' lang='lat' dir='ltr'><strong>fatis</strong></span> <span class='ocrx_word' id='word_1_271' title='bbox 1519 3064 1684 3137; x_wconf 81' lang='lat' dir='ltr'><strong>effe,</strong></span> <span class='ocrx_word' id='word_1_272' title='bbox 1744 3070 1829 3128; x_wconf 84' lang='lat' dir='ltr'><strong>uti</strong></span> <span class='ocrx_word' id='word_1_273' title='bbox 1873 3065 2165 3121; x_wconf 70' lang='lat' dir='ltr'><strong>Romanum</strong></span> <span class='ocrx_word' id='word_1_274' title='bbox 2206 3067 2481 3120; x_wconf 82' lang='lat' dir='ltr'><strong>aerarium</strong></span> <span class='ocrx_word' id='word_1_275' title='bbox 2528 3077 2564 3116; x_wconf 86' lang='lat' dir='ltr'><strong>a</strong></span> 
     </span>
     <span class='ocr_line' id='line_1_37' title="bbox 614 3141 2565 3225; baseline 0.001 -25"><span class='ocrx_word' id='word_1_276' title='bbox 614 3141 977 3218; x_wconf 65' lang='lat' dir='ltr'><strong>Praenestinis</strong></span> <span class='ocrx_word' id='word_1_277' title='bbox 1014 3162 1382 3225; x_wconf 75' lang='lat' dir='ltr'><strong>occuparetur.</strong></span> <span class='ocrx_word' id='word_1_278' title='bbox 1429 3144 1758 3207; x_wconf 86' lang='lat' dir='ltr'><strong>Sollicitos</strong></span> <span class='ocrx_word' id='word_1_279' title='bbox 1791 3149 2055 3207; x_wconf 83' lang='lat' dir='ltr'><strong>Patrum</strong></span> <span class='ocrx_word' id='word_1_280' title='bbox 2085 3142 2329 3203; x_wconf 82' lang='lat' dir='ltr'><strong>animos</strong></span> <span class='ocrx_word' id='word_1_281' title='bbox 2380 3141 2565 3220; x_wconf 84' lang='lat' dir='ltr'><strong>(nam</strong></span> 
     </span>
     <span class='ocr_line' id='line_1_38' title="bbox 615 3222 2563 3306; baseline -0.001 -23"><span class='ocrx_word' id='word_1_282' title='bbox 615 3235 681 3286; x_wconf 86' lang='lat' dir='ltr'><strong>et</strong></span> <span class='ocrx_word' id='word_1_283' title='bbox 714 3223 1081 3306; x_wconf 81' lang='lat' dir='ltr'><strong>Fabricium</strong></span> <span class='ocrx_word' id='word_1_284' title='bbox 1118 3248 1152 3287; x_wconf 87' lang='lat' dir='ltr'><strong>a</strong></span> <span class='ocrx_word' id='word_1_285' title='bbox 1200 3227 1397 3289; x_wconf 89' lang='lat' dir='ltr'><strong>sociis</strong></span> <span class='ocrx_word' id='word_1_286' title='bbox 1449 3225 2162 3295; x_wconf 75' lang='lat' dir='ltr'><strong>retineri‘audivera&#39;nt,</strong></span> <span class='ocrx_word' id='word_1_287' title='bbox 2222 3237 2294 3285; x_wconf 90' lang='lat' dir='ltr'><strong>ut</strong></span> <span class='ocrx_word' id='word_1_288' title='bbox 2340 3242 2418 3284; x_wconf 89' lang='lat' dir='ltr'><strong>eo</strong></span> <span class='ocrx_word' id='word_1_289' title='bbox 2456 3222 2563 3306; x_wconf 86' lang='lat' dir='ltr'><strong>pi-</strong></span> 
     </span>
     <span class='ocr_line' id='line_1_39' title="bbox 660 3300 2566 3390; baseline -0.001 -27"><span class='ocrx_word' id='word_1_290' title='bbox 660 3324 820 3368; x_wconf 87' lang='lat' dir='ltr'><strong>nore</strong></span> <span class='ocrx_word' id='word_1_291' title='bbox 861 3328 1010 3367; x_wconf 89' lang='lat' dir='ltr'><strong>suos</strong></span> <span class='ocrx_word' id='word_1_292' title='bbox 1050 3307 1127 3367; x_wconf 88' lang='lat' dir='ltr'><strong>ab</strong></span> <span class='ocrx_word' id='word_1_293' title='bbox 1172 3309 1478 3371; x_wconf 89' lang='lat' dir='ltr'><strong>Romanis</strong></span> <span class='ocrx_word' id='word_1_294' title='bbox 1519 3309 1871 3370; x_wconf 86' lang='lat' dir='ltr'><strong>incolumes</strong></span> <span class='ocrx_word' id='word_1_295' title='bbox 1917 3308 2323 3390; x_wconf 85' lang='lat' dir='ltr'><strong>reciperent3</strong></span> <span class='ocrx_word' id='word_1_296' title='bbox 2387 3318 2452 3365; x_wconf 91' lang='lat' dir='ltr'><strong>et</strong></span> <span class='ocrx_word' id='word_1_297' title='bbox 2482 3300 2566 3363; x_wconf 90' lang='lat' dir='ltr'><strong>ad</strong></span> 
     </span>
     <span class='ocr_line' id='line_1_40' title="bbox 678 3387 2566 3486; baseline 0 -41"><span class='ocrx_word' id='word_1_298' title='bbox 678 3399 967 3460; x_wconf 84' lang='lat' dir='ltr'><strong>truscos,</strong></span> <span class='ocrx_word' id='word_1_299' title='bbox 1012 3388 1090 3450; x_wconf 87' lang='lat' dir='ltr'><strong>ad</strong></span> <span class='ocrx_word' id='word_1_300' title='bbox 1128 3390 1399 3452; x_wconf 87' lang='lat' dir='ltr'><strong>Umbros</strong></span> <span class='ocrx_word' id='word_1_301' title='bbox 1427 3434 1444 3465; x_wconf 89' lang='lat'><strong>,</strong></span> <span class='ocrx_word' id='word_1_302' title='bbox 1490 3390 1567 3451; x_wconf 91' lang='lat' dir='ltr'><strong>ad</strong></span> <span class='ocrx_word' id='word_1_303' title='bbox 1594 3391 1811 3452; x_wconf 86' lang='lat' dir='ltr'><strong>Gallos</strong></span> <span class='ocrx_word' id='word_1_304' title='bbox 1842 3402 2063 3453; x_wconf 87' lang='lat' dir='ltr'><strong>contra</strong></span> <span class='ocrx_word' id='word_1_305' title='bbox 2100 3389 2187 3486; x_wconf 65' lang='lat' dir='ltr'><strong>po</strong></span> <span class='ocrx_word' id='word_1_306' title='bbox 2236 3387 2409 3447; x_wconf 91' lang='lat' dir='ltr'><strong>ulum</strong></span> <span class='ocrx_word' id='word_1_307' title='bbox 2426 3388 2566 3446; x_wconf 49' lang='lat' dir='ltr'><strong>Ro*</strong></span> 
     </span>
     <span class='ocr_line' id='line_1_41' title="bbox 612 3469 2565 3555; baseline -0.003 -25"><span class='ocrx_word' id='word_1_308' title='bbox 612 3488 867 3532; x_wconf 30' lang='lat' dir='ltr'><strong>mansum</strong></span> <span class='ocrx_word' id='word_1_309' title='bbox 893 3469 1292 3545; x_wconf 87' lang='lat' dir='ltr'><strong>incitandos,</strong></span> <span class='ocrx_word' id='word_1_310' title='bbox 1334 3473 1580 3555; x_wconf 87' lang='lat' dir='ltr'><strong>legatos</strong></span> <span class='ocrx_word' id='word_1_311' title='bbox 1611 3473 1819 3548; x_wconf 74' lang='lat' dir='ltr'><strong>mitti‘)</strong></span> <span class='ocrx_word' id='word_1_312' title='bbox 1898 3492 2061 3533; x_wconf 78' lang='lat' dir='ltr'><strong>nova</strong></span> <span class='ocrx_word' id='word_1_313' title='bbox 2102 3491 2166 3532; x_wconf 85' lang='lat' dir='ltr'><strong>m</strong></span> <span class='ocrx_word' id='word_1_314' title='bbox 2202 3490 2238 3527; x_wconf 91' lang='lat' dir='ltr'><strong>u</strong></span> <span class='ocrx_word' id='word_1_315' title='bbox 2289 3489 2363 3534; x_wconf 84' lang='lat' dir='ltr'><strong>er</strong></span> <span class='ocrx_word' id='word_1_316' title='bbox 2407 3485 2565 3529; x_wconf 89' lang='lat' dir='ltr'><strong>cura</strong></span> 
     </span>
     <span class='ocr_line' id='line_1_42' title="bbox 615 3547 2562 3644; baseline 0.002 -37"><span class='ocrx_word' id='word_1_317' title='bbox 615 3551 925 3644; x_wconf 70' lang='lat' dir='ltr'><strong>oppress&#39;it</strong></span> <span class='ocrx_word' id='word_1_318' title='bbox 950 3553 1066 3614; x_wconf 79' lang='lat' dir='ltr'><strong>‘rei</strong></span> <span class='ocrx_word' id='word_1_319' title='bbox 1114 3575 1306 3637; x_wconf 89' lang='lat' dir='ltr'><strong>quum</strong></span> <span class='ocrx_word' id='word_1_320' title='bbox 1343 3554 1514 3616; x_wconf 85' lang='lat' dir='ltr'><strong>facto</strong></span> <span class='ocrx_word' id='word_1_321' title='bbox 1555 3554 1693 3637; x_wconf 84' lang='lat' dir='ltr'><strong>ipso</strong></span> <span class='ocrx_word' id='word_1_322' title='bbox 1735 3547 1970 3619; x_wconf 86' lang='lat' dir='ltr'><strong>atrocis</strong></span> <span class='ocrx_word' id='word_1_323' title='bbox 2001 3596 2018 3627; x_wconf 96' lang='lat'><strong>,</strong></span> <span class='ocrx_word' id='word_1_324' title='bbox 2085 3570 2215 3617; x_wconf 88' lang='lat' dir='ltr'><strong>tum</strong></span> <span class='ocrx_word' id='word_1_325' title='bbox 2278 3550 2562 3612; x_wconf 86' lang='lat' dir='ltr'><strong>ormida-</strong></span> 
     </span>
     <span class='ocr_line' id='line_1_43' title="bbox 611 3628 2562 3719; baseline 0.003 -31"><span class='ocrx_word' id='word_1_326' title='bbox 611 3628 766 3698; x_wconf 76' lang='lat' dir='ltr'><strong>bilis</strong></span> <span class='ocrx_word' id='word_1_327' title='bbox 806 3634 1119 3715; x_wconf 84' lang='lat' dir='ltr'><strong>exempli,</strong></span> <span class='ocrx_word' id='word_1_328' title='bbox 1147 3639 1258 3700; x_wconf 73' lang='lat' dir='ltr'><strong>&#39;ne</strong></span> <span class='ocrx_word' id='word_1_329' title='bbox 1290 3635 1457 3719; x_wconf 85' lang='lat' dir='ltr'><strong>apud</strong></span> <span class='ocrx_word' id='word_1_330' title='bbox 1495 3657 1716 3697; x_wconf 88' lang='lat' dir='ltr'><strong>omnes</strong></span> <span class='ocrx_word' id='word_1_331' title='bbox 1755 3640 1946 3701; x_wconf 87' lang='lat' dir='ltr'><strong>Italos</strong></span> <span class='ocrx_word' id='word_1_332' title='bbox 1992 3634 2365 3698; x_wconf 84' lang='lat' dir='ltr'><strong>alieniss&#39;imo</strong></span> <span class='ocrx_word' id='word_1_333' title='bbox 2398 3648 2562 3698; x_wconf 85' lang='lat' dir='ltr'><strong>tem·</strong></span> 
     </span>
    </p>
   </div>
   <div class='ocr_carea' id='block_1_11' title="bbox 611 3715 2562 3858">
    <p class='ocr_par' dir='ltr' id='par_1_26' title="bbox 611 3715 2562 3858">
     <span class='ocr_line' id='line_1_44' title="bbox 611 3715 2562 3853; baseline 0.002 -78"><span class='ocrx_word' id='word_1_334' title='bbox 611 3716 1107 3853; x_wconf 63' lang='lat' dir='ltr'><strong>potre‘Romana</strong></span> <span class='ocrx_word' id='word_1_335' title='bbox 1149 3715 1312 3782; x_wconf 80' lang='lat' dir='ltr'><strong>fides</strong></span> <span class='ocrx_word' id='word_1_336' title='bbox 1345 3720 1415 3782; x_wconf 85' lang='lat' dir='ltr'><strong>in</strong></span> <span class='ocrx_word' id='word_1_337' title='bbox 1457 3717 1886 3807; x_wconf 79' lang='lat' dir='ltr'><strong>suspicionem</strong></span> <span class='ocrx_word' id='word_1_338' title='bbox 1929 3732 1994 3781; x_wconf 90' lang='lat' dir='ltr'><strong>et</strong></span> <span class='ocrx_word' id='word_1_339' title='bbox 2034 3719 2252 3781; x_wconf 89' lang='lat' dir='ltr'><strong>odium</strong></span> <span class='ocrx_word' id='word_1_340' title='bbox 2281 3715 2562 3779; x_wconf 74' lang='lat' dir='ltr'><strong>adduce-</strong></span> 
     </span>
     <span class='ocr_line' id='line_1_45' title="bbox 615 3811 2554 3858; baseline 0.009 -9"><span class='ocrx_word' id='word_1_341' title='bbox 615 3811 687 3851; x_wconf 86' lang='lat' dir='ltr'><strong>re</strong></span> <span class='ocrx_word' id='word_1_342' title='bbox 719 3811 817 3858; x_wconf 66' lang='lat' dir='ltr'><strong>ur,</strong></span> <span class='ocrx_word' id='word_1_343' title='bbox 2549 3813 2554 3816; x_wconf 81' lang='grc'><em>“</em></span> 
     </span>
    </p>
   </div>
   <div class='ocr_carea' id='block_1_12' title="bbox 617 3962 2557 4121">
    <p class='ocr_par' dir='ltr' id='par_1_27' title="bbox 617 3962 2557 4121">
     <span class='ocr_line' id='line_1_46' title="bbox 687 3962 2557 4052; baseline 0.009 -31"><span class='ocrx_word' id='word_1_344' title='bbox 687 3967 830 4039; x_wconf 73' lang='lat' dir='ltr'><strong>Cap,</strong></span> <span class='ocrx_word' id='word_1_345' title='bbox 845 3972 1022 4028; x_wconf 85' lang='lat' dir='ltr'><strong>xxv.</strong></span> <span class='ocrx_word' id='word_1_346' title='bbox 1058 3962 1336 4034; x_wconf 57' lang='lat' dir='ltr'><strong>zonaras.</strong></span> <span class='ocrx_word' id='word_1_347' title='bbox 1408 3975 1553 4048; x_wconf 78' lang='lat' dir='ltr'><strong>Cap.</strong></span> <span class='ocrx_word' id='word_1_348' title='bbox 1581 3969 1789 4036; x_wconf 77' lang='lat' dir='ltr'><strong>xxvl.</strong></span> <span class='ocrx_word' id='word_1_349' title='bbox 1826 3980 1942 4035; x_wconf 79' lang='lat' dir='ltr'><strong>mo</strong></span> <span class='ocrx_word' id='word_1_350' title='bbox 1978 3978 2136 4052; x_wconf 70' lang='lat' dir='ltr'><strong>apud</strong></span> <span class='ocrx_word' id='word_1_351' title='bbox 2159 3984 2328 4039; x_wconf 71' lang='lat' dir='ltr'><strong>mv.</strong></span> <span class='ocrx_word' id='word_1_352' title='bbox 2360 3979 2557 4038; x_wconf 74' lang='lat' dir='ltr'><strong>Ursis.</strong></span> 
     </span>
     <span class='ocr_line' id='line_1_47' title="bbox 617 4038 2269 4121; baseline 0.011 -26"><span class='ocrx_word' id='word_1_353' title='bbox 617 4038 894 4104; x_wconf 73' lang='lat' dir='ltr'><strong>Zonaras,</strong></span> <span class='ocrx_word' id='word_1_354' title='bbox 912 4044 1069 4104; x_wconf 72' lang='grc' dir='ltr'><strong>Ὄίο.</strong></span> <span class='ocrx_word' id='word_1_355' title='bbox 1107 4046 1386 4105; x_wconf 80' lang='lat' dir='ltr'><strong>Zonaras.</strong></span> <span class='ocrx_word' id='word_1_356' title='bbox 1423 4050 1559 4107; x_wconf 86' lang='lat' dir='ltr'><strong>Dio·</strong></span> <span class='ocrx_word' id='word_1_357' title='bbox 2067 4077 2076 4086; x_wconf 57' lang='grc'><strong><em>’</em></strong></span> <span class='ocrx_word' id='word_1_358' title='bbox 2129 4091 2134 4098; x_wconf 86' lang='lat'>-</span> <span class='ocrx_word' id='word_1_359' title='bbox 2261 4108 2269 4121; x_wconf 69' lang='grc'><em>,</em></span> 
     </span>
    </p>
   </div>
  </div>
 </body>
</html>
