2717 4659
711 210 800 275 IN
841 206 1136 277 LOOEJM
1176 209 1339 273 Lm.
1387 207 1560 274 XVI.
1603 207 1825 277 mvn.
1920 223 1960 263 f
2136 210 2248 273 125

315 415 539 479 charus
560 458 578 489 ‚
617 414 745 479 -sed
776 414 1174 498 etiam.apud
1196 418 1523 477 Romanos
1564 416 1811 498 pariter
1833 418 2250 503 Graecosque

311 519 529 580 magna
561 498 750 558 fama.
836 495 1045 589 Quem
1091 510 1159 558 et
1209 496 1639 581 principatum
1686 497 2017 582 deponere
2057 519 2249 583 saepe

310 582 632 655 volentem
663 579 842 641 cives
876 578 978 639 sui
992 577 1251 661 publice
1273 579 1749 662 prohibuerunt
1775 601 1791 642 ε
1836 594 1904 641 et
1919 578 2090 644 filius
2116 582 2247 643 Ge·
2288 580 2585 638 Getonffle-

305 660 413 721 lon
440 702 459 733 ,
519 660 631 745 qui
661 673 846 721 natus
896 680 1093 720 annos
1141 661 1287 743 plus
1330 661 1789 744 quinquaginta
1825 674 1970 723 ante
2007 662 2248 725 Hiero-
2274 653 2427 706 '⁰⁸5⁸
2442 652 2506 707 F·

305 762 452 805 nem
472 740 761 816 deuenit,
805 761 950 805 rara
977 741 1149 803 inter
1176 742 1480 803 mortales
1507 742 1974 818 moderatione,
2018 763 2245 827 regno,

307 843 494 906 quam
529 837 717 907 patre
736 867 755 897 ,
799 840 1025 885 carere
1057 836 1377 906 perpetuo
1408 822 1666 897 maluit,
1710 845 1985 908 eumque
2024 824 2100 887 ad
2135 845 2249 891 ex-

306 917 583 969 tremum
609 922 817 988 usque
854 904 1024 966 vitae
1055 917 1308 988 tempus
1352 902 1666 972 constanti.
1699 904 1830 969 fide
1874 920 2064 991 atque
2104 907 2248 991 pie-

300 997 429 1048 tate
456 986 802 1070 percoluit.
891 1026 904 1037 -

423 1146 563 1209 XII.
626 1151 691 1215 Is
723 1146 925 1229 igitur
963 1146 1218 1209 Hieron
1266 1147 1346 1210 ab
1382 1146 1696 1211 Hierocle
1733 1146 2030 1230 genitore
2051 1189 2069 1222 ,
2136 1146 2252 1231 qui

303 1226 576 1313 stirpem
601 1249 779 1290 suam
814 1228 899 1289 ad
935 1228 1254 1292 Gelonem
1288 1243 1583 1291 veterem
1620 1229 1880 1293 Siciliae
1915 1242 2251 1308 tyrannum

304 1310 670 1384 referebat,
713 1329 793 1373 ex
840 1310 1028 1375 ofitus
1075 1307 1193 1372 ests
1297 1310 1428 1372 uod
1463 1311 1675 1376 virum
1703 1310 1989 1383 nobilem
2030 1330 2252 1373 susce.

300 1406 477 1476 ptam
508 1413 588 1455 ex
619 1392 762 1455 anci
813 1414 847 1453 a
890 1392 1144 1477 prolem
1176 1414 1264 1477 pu
1312 1393 1741 1459 ebatdtollere.
1802 1390 1919 1453 sed
1941 1393 2114 1454 omni
2131 1392 2252 1454 hu-

303 1495 488 1535 mana
511 1494 642 1557 ope
677 1471 1042 1536 destitutum
1067 1493 1100 1532 n
1148 1493 1242 1546 es,
1287 1476 1357 1535 in
1379 1495 1453 1537 os
1482 1473 1750 1555 jacentis
1772 1472 2017 1569 ingesto
2033 1474 2250 1546 melle,

302 1577 425 1639 per
469 1555 837 1639 complures
879 1555 1021 1618 dies
1124 1569 1378 1617 uerunt.
1464 1558 1562 1618 Eo
1604 1556 1946 1641 prodigio,
1992 1556 2254 1640 respon-

305 1638 395 1698 sis
448 1657 530 1699 ue
579 1636 936 1720 aruspicum
961 1680 978 1711 ,
1038 1637 1150 1721 qui
1183 1639 1429 1721 regiam
1460 1658 1672 1720 puero
1707 1636 2061 1721 potentiam
2095 1656 2251 1721 por-

301 1731 413 1780 ten
468 1719 483 1733 '
541 1717 1001 1781 confirmabant
1024 1762 1041 1790 ,
1085 1732 1433 1802 ,permotus
1488 1719 1835 1781 Hierocles
1858 1760 1876 1792 ,
1939 1717 2253 1783 infantem

303 1800 674 1883 recolligit,
719 1799 1093 1884 adgnoscit,
1139 1814 1206 1862 et
1243 1801 1313 1862 in
1357 1820 1541 1884 spem
1574 1802 1829 1863 futurae
1866 1799 2251 1882 magnitudi-

300 1883 403 1943 nis
436 1880 792 1965 diligenter
825 1878 1274 1943 instituendum
1307 1896 1510 1944 curat.
1570 1895 1703 1944 tum
1731 1882 1929 1965 igitur
1957 1882 2129 1943 inter
2144 1900 2252 1947 ae-

304 1962 530 2048 quales
573 1962 852 2027 discenti
901 1985 936 2023 a
986 1963 1139 2048 lupo
1162 2006 1179 2037 ,
1249 1962 1320 2023 in
1357 1962 1542 2024 turba
1589 1983 1940 2046 puerorum
1980 1976 2252 2046 repente

302 2044 652 2129 conspecto
677 2087 694 2119 ,
748 2044 1022 2107 tabulam
1064 2044 1332 2111 ablatam
1376 2045 1502 2106 esse
1533 2043 1743 2140 ajunt3
1809 2057 2055 2107 etmox
2080 2032 2251 2105 mili-

303 2127 434 2188 tiae
475 2126 849 2187 tirocinium
873 2125 1222 2210 auspicanti
1253 2127 1526 2210 aquilam
1558 2126 1909 2209 inclypeo,
1955 2137 2269 2187 noctuam¹
2291 2126 2446 2221 onim
2461 2169 2561 2222 Hie

304 2207 373 2269 in
408 2205 580 2270 hasta
613 2208 985 2270 conl'ediss'e.
1048 2205 1291 2271 confilii
1321 2207 1683 2292 viriumque
1718 2200 2030 2269 iudiciuin
2056 2205 2127 2266 id
2147 2205 2249 2267 fu·
2276 2239 2395 2288 „m-
2439 2200 2586 2292 ⁰510:

302 2289 776 2432 {ge-‘creditum
814 2288 936 2365 est,
983 2289 1340 2375 summique
1364 2332 1383 2364 ,
1427 2289 1511 2351 ob
1555 2288 1801 2374 regiam
1844 2288 2097 2361 alitem,
2150 2287 2247 2351 fa·-
2272 2315 2406 2389 sum,
2494 2344 2507 2365 ,
2584 2366 2587 2375 ι

376 2393 497 2456 gu.
1644 2420 1650 2427 .

423 2522 593 2584 xm.
641 2520 772 2584 Sed
801 2521 1082 2585 certiora
1125 2520 1305 2604 signa
1331 2517 1483 2582 mox
1519 2520 1540 2580 i
1591 2539 1665 2582 se
1696 2519 1913 2597 dedit,
1957 2523 2163 2584 forma
2187 2535 2253 2584 et
2334 2535 2585 2590 Hieroni!

302 2603 550 2665 robore
602 2605 900 2688 corporis
940 2603 1210 2664 eximio:
1275 2622 1500 2666 verum
1561 2602 1818 2686 ngenii,
1888 2618 2250 2688 temperan-
2295 2605 2482 2671 forma
2537 2621 2588 2659 et

300 2685 431 2747 tiae
454 2728 474 2759 ,
546 2686 865 2747 comitatis
885 2729 901 2757 ,
928 2712 932 2717 ·
958 2682 1233 2765 justitiae
1255 2726 1273 2758 ,
1336 2682 1800 2745 moderationis
1836 2686 2094 2747 nomine
2123 2687 2248 2747 cla·
2276 2689 2468 2729 ''¹⁶7''-

302 2767 450 2827 rior
485 2779 674 2850 atque
705 2765 1035 2828 illustrior.
1107 2767 1329 2852 „Saepe
1366 2766 1436 2825 in
1468 2764 1636 2839 acie,
1686 2786 1792 2827 sae
1842 2787 1879 2847 e
1918 2768 2252 2830 adversum

303 2863 735 2931 provocantes
773 2847 1085 2931 singulari
1127 2846 1479 2908 certamine
1520 2790 1890 2929 congrefflis
1913 2892 1929 2923 ,
1994 2867 2252 2932 semper

302 2930 540 3004 victor,
573 2952 606 2990 a
624 2928 874 3011 Pyrrho
900 2929 1116 2990 multis
1137 2927 1522 2989 militaribus
1555 2926 1743 2989 donis
1765 2929 2022 2992 virtutis
2052 2930 2255 2993 cauffa

304 3008 577 3073 donatus
604 3010 725 3074 esti
788 3011 968 3093 cujus
1011 3007 1225 3094 postea
1260 3030 1339 3073 ex
1373 3028 1614 3105 genere
1650 3011 1858 3071 Gelon
1883 3054 1899 3084 ‚
1942 3010 2255 3072 Hieronis

302 3089 502 3165 filius,
547 3092 902 3156 Nereidem
934 3093 1002 3152 in
1039 3091 1446 3152 matrimomo
1479 3089 1722 3152 habuit.
1779 3089 2029 3174 Pyrrho
2051 3111 2128 3152 ex
2152 3091 2254 3153 Si-

300 3173 451 3234 cilia
472 3174 695 3259 fugato
717 3219 734 3250 ,
782 3192 976 3259 quum
1012 3174 1185 3236 inter
1205 3172 1657 3253 Syracusanum
1680 3174 2033 3239 exercitum
2055 3186 2123 3235 et
2147 3194 2258 3233 ur-

299 3252 540 3328 banos,
615 3256 912 3318 sollemni
967 3251 1641 3353 temporumistorum
1684 3254 1947 3329 morbo,
2020 3254 2257 3316 iterum

303 3351 445 3398 orta
485 3337 644 3400 ess'et
681 3337 1023 3414 diffensiO,
1093 3358 1157 3398 in
1201 3332 1417 3396 castris
1455 3335 1626 3396 circa
1659 3339 1802 3397 Mer
1850 3356 2028 3399 anam
2062 3338 2256 3398 Arte-

301 3417 597 3480 midorus
628 3434 695 3481 et
729 3421 935 3482 Hiero
976 3416 1369 3482 militaribus
1420 3415 1746 3500 suffragiis
1794 3357 1990 3480 duces
2033 3416 2256 3491 creati,

302 3499 583 3563 consiliis
612 3503 923 3564 Hieronis
940 3524 961 3577 ·,
1007 3517 1072 3564 et
1114 3500 1474 3561 amicorum
1514 3499 1653 3581 ejus
1685 3519 1918 3585 opera,
1964 3499 2125 3559 clam
2157 3497 2256 3559 in-

299 3583 607 3645 tromiss'is
642 3587 956 3649 militibus
980 3630 996 3660 ‚
1062 3582 1289 3645 urbem
1328 3580 1396 3640 in
1440 3580 1810 3664 potestatem
1840 3578 2255 3663 redegerunt.

302 3661 398 3722 Ibi
435 3664 649 3729 Hiero
698 3669 1020 3731 excelsum
1067 3686 1137 3728 se
1170 3664 1380 3726 virum
1428 3676 1492 3723 et
1532 3662 1891 3747 quanticum
1941 3683 2021 3723 ue
2060 3659 2259 3745 i'mpe·

256 3770 264 3785 ·
300 3744 385 3805 rii
414 3766 716 3831 capacem
750 3749 1040 3813 ostendit.
1126 3766 1271 3809 nam
1321 3767 1401 3806 ex
1439 3745 1702 3807 diverfis
1742 3746 1909 3828 parti
1957 3766 2032 3805 us
2073 3744 2247 3805 occi-

301 3823 396 3889 dit
426 3844 534 3892 aut
568 3832 763 3913 ejecit
799 3833 1162 3909 neminem3
1227 3828 1344 3889 sed
1381 3829 1739 3901 clementia,
1784 3807 2243 3915 moderamine,
2327 3847 2335 3855 ·

373 3993 518 4066 Cap.
540 3991 669 4048 ΧΠ.
706 3991 903 4051 sustin.
926 3993 1010 4059 23,
1028 3997 1081 4056 4.
1104 4002 1161 4046 et
1178 3990 1271 4074 105
1292 3988 1756 4053 sarisberiensis,
1781 3988 2071 4071 Polycrat3
2090 4007 2136 4055 ι,
2158 3986 2239 4043 13.

299 4061 622 4203 ἓαιζιξξῌ.
660 4063 906 4123 Paufen.
918 4058 963 4115 l.
984 4065 1038 4119 6.
1060 4061 1429 4181 adusta-28,
1448 4061 1504 4118 3.
1541 4058 1750 4130 Polyb.
1776 4060 1892 4127 x,8.
1938 4060 2138 4185 Jlustin.
2156 4056 2243 4122 ἡ
