2717 4659
447 228 559 292 126
599 221 1153 316 FREQNSHEMH
1186 166 2018 284 SUPPLEMEttwRUM.
2060 215 2207 277 Lm.
2228 213 2337 281 VI.

441 433 641 498 rectis
734 452 786 491 e.
805 428 1081 492 consiliis
1111 429 1200 492 ita
1227 427 1586 512 composuit
1618 442 1828 491 motus
1848 472 1864 503 ,
1886 442 1979 490 „ut
2012 446 2144 488 non
2170 426 2378 488 mino-

442 518 625 579 ribus
711 513 881 575 udiis
916 532 1141 572 eorum
1162 552 1179 583 ,
1226 508 1528 572 adversus
1567 531 1729 595 quos
1758 524 2061 583 venerat,
2129 527 2315 593 quam
2343 528 2382 570 ι

139 599 371 654 Pmm
447 597 680 683 quibus
731 593 1041 656 adductus
1091 592 1338 666 fuerat,
1429 605 1693 675 praetor
1737 592 2070 674 Syracusis
2127 609 2383 653 creare-

107 679 345 724 OYCGCUY·
446 694 573 745 tur·
2310 726 2314 731 Ι

571 759 741 825 XIV.
795 758 922 818 Hic
959 775 1151 829 vero,
1219 755 1618 838 reipublicae
1666 773 1888 816 euram
1934 768 2007 816 ut
2047 774 2203 816 suae
2241 768 2383 819 toto

448 844 661 905 animo
690 840 1058 924 complexus
1084 881 1099 911 ‚
1146 857 1340 921 quum
1377 859 1410 897 a
1445 838 1641 921 longo
1674 835 1797 915 jam
1829 839 2390 920 tempore-vitium

447 923 613 986 istud
649 924 718 983 in
751 920 974 983 Sicilia
1010 920 1342 981 inolevisse
1379 933 1713 990 cerneret,
1758 930 1848 989 ut,
1893 918 2149 1001 quoties
2185 921 2385 1005 magi-

452 1005 675 1068 stratus
717 1003 936 1087 copias
978 1001 1365 1071 eduxiss'ent‚
1425 1001 1530 1062 vel
1571 1001 1640 1064 in
1696 1001 1984 1062 exercitu
2020 1000 2393 1064 turbaretur

452 1084 730 1168 aliquid,
780 1085 881 1144 vel
929 1080 1104 1143 domi
1153 1103 1463 1143 novarum
1517 1103 1736 1141 rerum
1783 1094 1992 1141 motus
2037 1082 2388 1157 orirentur,

453 1163 949 1247 circumspicere
997 1164 1079 1224 ali
1127 1183 1274 1224 uem
1314 1181 1435 1224 coe
1481 1163 1566 1234 it,
1643 1163 1749 1223 cui
1796 1180 1904 1221 res
1938 1160 2211 1223 urbanas
2247 1178 2388 1227 tuto

455 1247 789 1317 crederet,
815 1247 893 1307 si
942 1267 1105 1331 quan
1156 1265 1193 1306 o
1226 1245 1365 1326 ipse
1398 1185 1478 1304 ad
1512 1244 1752 1306 bellum
1796 1242 1978 1303 exire
2018 1260 2388 1326 cogeretur.

453 1333 734 1392 Uxorem
765 1328 970 1411 igitur
1005 1326 1185 1387 duxit
1222 1325 1416 1386 filiam
1448 1326 1741 1408 Leptinis
1761 1368 1777 1399 ,
1824 1324 1935 1407 qui
1963 1345 2062 1384 ma
2107 1346 2185 1386 na
2219 1327 2397 1388 inter

456 1414 636 1474 cives
670 1410 1047 1470 auctoritate
1066 1449 1083 1479 ,
1129 1408 1233 1468 vir
1265 1407 1457 1468 etiam
1493 1406 1865 1489 cumprimis
1889 1404 2061 1467 hone
2111 1429 2185 1468 ns
2208 1406 2396 1470 fidei-
2460 1427 2467 1431 ⁴

167 1527 431 1582 Munna,
457 1513 584 1578 que
633 1504 821 1553 tenax
853 1488 1225 1551 habebatur.
1309 1493 1401 1548 lta
1488 1485 2130 1558 rovisisdomesticis
2169 1491 2393 1564 rebus»,

120 1600 329 1651 riorum
354 1594 433 1644 in·
460 1573 759 1636 adversus
791 1571 1336 1632 mercenariorum
1370 1569 1436 1630 in
1469 1570 1769 1631 olentiam
1787 1569 2144 1632 remedium
2168 1592 2407 1635 neces-->

51 1716 54 1723 ,
124 1665 402 1718 solentiam
462 1656 697 1719 sarium
723 1653 948 1735 magis,
984 1672 1170 1736 quam
1199 1670 1659 1736 usquequaque
1689 1651 2029 1725 laudabile,
2076 1672 2400 1715 commen-

61 4082 62 4091 η

61 4146 62 4157 1

65 4192 109 4207 0*-

60 4194 108 4287 Γ,

63 4376 66 4411 l

63 4416 64 4441 κ

125 1731 383 1788 “mmm-
459 1751 563 1799 tus
605 1732 712 1797 est.
796 1754 974 1806 nam,
1049 1733 1281 1795 educto
1335 1747 1558 1794 contra
1609 1735 2027 1795 Mamertinos
2083 1736 2399 1811 exercitu,

463 1838 658 1903 quum
681 1817 779 1878 illi
818 1814 989 1897 juxta
1024 1815 1406 1897 Centuripas
1441 1815 1878 1888 occurrin'ent,
1921 1817 2123 1877 aciem
2147 1816 2224 1876 ad
2247 1818 2405 1897 Cya-

143 1919 438 1973 Dotousus.
461 1898 784 1961 mororum
816 1916 1060 1959 amnem
1092 1897 1219 1959 hoc
1263 1893 1416 1957 dolo
1456 1894 1781 1970 instruxit,
1841 1910 1942 1970 ut,
2001 1897 2175 1960 inter
2219 1899 2402 1961 cives

463 1980 1033 2063 mercenariosque
1078 1978 1423 2041 intervallo
1483 1979 1755 2051 relicto,
1834 1978 1955 2039 hos
1994 1980 2402 2042 committere

463 2061 788 2148 proelium
831 2060 1118 2142 juberet,
1180 2075 1496 2143 tamquam
1542 2060 1678 2143 ipse
1722 2079 1866 2121 cum
1900 2061 2162 2121 urbanis
2195 2061 2404 2144 signio

467 2144 600 2206 alia·
623 2157 806 2227 parte
853 2141 1230 2239 impeditum
1275 2154 1343 2204 et
1389 2140 1739 2204 districtum
1775 2139 2012 2202 hostem
2048 2136 2405 2205 invasurus.⁸

467 2224 556 2288 ita
585 2224 965 2286 conductitii
1000 2222 1242 2300 majore
1271 2223 1796 2285 Mamertinorum
1833 2239 2101 2285 numero
2130 2225 2406 2285 circum-

468 2386 631 2531 ἕως)
676 2386 879 2449 otiose
919 2400 1188 2472 tutoque
1220 2385 1637 2468 Syracusanas
1675 2389 1894 2473 copias
1927 2387 1996 2448 in
2032 2386 2258 2448 urbem
2298 2404 2410 2448 re-

300 2500 330 2511 κ
516 2483 669 2531 ιιοιῑ.
1882 2499 1891 2502 ·

594 2574 739 2640 XV.
782 2572 885 2636 Ad
916 2572 1087 2635 hunc
1120 2569 1379 2637 modum
1412 2587 1758 2657 repurgato
1784 2618 1801 2647 ‚
1850 2566 2007 2658 quid
2052 2575 2164 2636 uid
2194 2576 2261 2638 in
2297 2596 2411 2639 ex.

477 2655 686 2717 ercitu
716 2676 1015 2738 aegrum,
1076 2669 1141 2718 et
1171 2652 1252 2715 ad
1293 2654 1643 2717 seditiones
1684 2677 1960 2739 pronum
2038 2671 2257 2731 uerat,
2299 2681 2414 2720 ur-

475 2736 707 2800 banum
750 2737 1021 2799 militem
1061 2734 1331 2799 studiose
1379 2752 1675 2801 exercet:
1735 2744 1933 2799 ¹novas}
1978 2741 2415 2808 mercenario-

477 2810 622 2880 ‘rum
663 2817 882 2902 copias
917 2818 1252 2881 conducit:
1317 2831 1507 2901 atque
1533 2819 1619 2880 ita
1640 2861 1656 2892 ,
1700 2818 2152 2883 benevolentia
2178 2822 2414 2884 multo-

478 2921 621 2962 rum
655 2915 1047 2985 comparata,
1091 2913 1342 2961 remoto
1380 2899 1787 2965 audaciffimo
1816 2923 2094 2986 quoque,
2137 2903 2417 2987 reliquie

479 2976 779 3044 adversus
809 2996 1114 3043 armatum
1139 2996 1203 3045 et
1234 2982 1544 3043 intentum
1581 2984 1814 3044 mutire
1848 3003 1974 3044 non
2002 2984 2201 3059 ausis,
2229 2984 2416 3069 prin-

481 3062 758 3147 cipatum
794 3063 1104 3126 arbitratu
1134 3084 1249 3126 suo
1283 3061 1688 3126 administrat.
1745 3067 1997 3126 Interea
2023 3065 2412 3138 Mamertini,

180 3163 310 3219 oum
336 3160 457 3215 Ma.
478 3145 727 3206 recenti
759 3146 1032 3208 victoria
1066 3144 1450 3218 ferociorem
1498 3145 1914 3230 contemptim
1944 3140 2136 3230 atque
2165 3162 2416 3209 temere

144 3230 390 3282 mertinis
482 3223 1014 3319 Syracusanorum
1032 3226 1195 3291 fines
1214 3228 1705 3324 populabantur.
1758 3226 2082 3291 Adversus
2114 3227 2235 3294 hos
2257 3229 2418 3290 Hie-

147 3298 358 3353 bellum.
479 3327 593 3381 το,
630 3308 760 3392 jam
775 3308 1047 3372 ‘civibus
1083 3324 1150 3372 et
1190 3310 1384 3372 militi
1411 3306 1656 3384 fidem,
1720 3309 2163 3371 incunctanter
2310 3306 2417 3372 θέ-

482 3409 626 3466 sus,
676 3391 755 3452 ad
799 3391 996 3475 ipsam
1022 3390 1292 3454 hostium
1327 3391 1586 3465 urbem,
1632 3388 1898 3454 dimiss'is
1943 3391 2166 3475 pass'im
2198 3413 2239 3475 g
2268 3389 2416 3456 obis

475 3464 623 3534 'fere
652 3494 946 3546 vacuam,
988 3471 1180 3540 castra
1214 3472 1448 3559 posuit.
1512 3472 2058 3552 cujusintellecto
2095 3472 2418 3535 discrimi-

479 3572 561 3615 ne
588 3597 605 3628 ,
651 3553 1019 3617 Mamertini
1049 3555 1128 3616 ad
1169 3554 1506 3617 ferendam
1539 3555 1672 3621 suis
1712 3572 1902 3640 opem
1938 3554 2241 3641 expedito
2270 3573 2417 3616 cum

481 3656 516 3694 a
560 3636 732 3699 mine
778 3637 1055 3721 impigre
1104 3651 1545 3700 accurrerunt.
1628 3636 1871 3711 Hiero,
1928 3637 2119 3699 motis
2154 3657 2232 3698 ex
2259 3653 2418 3731 agro

551 3719 863 3782 amertino
897 3716 1135 3794 castris,
1173 3719 1373 3800 Mylas
1401 3718 1649 3789 urbem,
1693 3731 1759 3780 et
1780 3718 1847 3779 in
1876 3738 1950 3780 ea
1971 3718 2217 3789 milites]
2238 3715 2418 3778 misse

484 3798 873 3883 quingentos
903 3819 976 3862 ca
1023 3800 1112 3863 it:
1185 3799 1337 3862 inde
1358 3843 1376 3872 ‚
1436 3796 1705 3862 castellis
1744 3799 1988 3884 aliquot
2015 3800 2158 3861 aliis
2188 3798 2423 3882 raptim

483 3879 728 3964 potitus
749 3925 765 3955 ‚
810 3882 972 3943 Ame
1006 3882 1175 3944 elum
1207 3879 1539 3966 procedit,
1584 3880 1799 3942 medio
1823 3880 1995 3942 inter
2020 3879 2326 3963 Agyrium
2354 3890 2422 3939 et

486 3963 868 4048 Centuripas
910 3963 1057 4026 loco
1094 3965 1308 4028 situm.
1393 3962 1467 4028 Id
1503 3982 1763 4048 quoque
1782 4004 1802 4039 ‚
1858 3962 2015 4026 licet
2049 3958 2424 4030 munitionis·

171 3694 332 3749 Urbes
345 3692 454 3747 ati-

141 3766 266 3833 qisoe
311 3780 458 3818 occu-

144 3845 268 3902 pac.

553 4108 843 4195 Capix'v.
879 4112 1054 4176 Diod.
1075 4118 1277 4195 Eclog.
1302 4118 1343 4174 l.
1368 4106 1454 4176 aa.

62 4446 278 4640 μ
351 4585 358 4591 ,

468 2307 647 2371 venti
686 2306 954 2367 cadunt:
1014 2303 1150 2389 ipse
1172 2347 1188 2378 ‚
1232 2304 1384 2366 dum
1410 2304 1639 2365 horum
1661 2306 1856 2368 caede
1887 2303 2266 2367 distinemur
2285 2305 2405 2367 ho·
2508 2322 2512 2329 ·
