<?xml version="1.0" encoding="UTF-8"?>
<!DOCTYPE html PUBLIC "-//W3C//DTD XHTML 1.0 Transitional//EN"
    "http://www.w3.org/TR/xhtml1/DTD/xhtml1-transitional.dtd">
<html xmlns="http://www.w3.org/1999/xhtml" xml:lang="en" lang="en">
 <head>
  <title>
</title>
<meta http-equiv="Content-Type" content="text/html;charset=utf-8" />
  <meta name='ocr-system' content='tesseract 3.04.00' />
  <meta name='ocr-capabilities' content='ocr_page ocr_carea ocr_par ocr_line ocrx_word'/>
</head>
<body>
  <div class='ocr_page' id='page_1' title='image "./tliviipatavinih07unkngoog_0030.png"; bbox 0 0 2717 4659; ppageno 0'>
   <div class='ocr_carea' id='block_1_1' title="bbox 484 216 2424 336">
    <p class='ocr_par' dir='ltr' id='par_1_1' title="bbox 484 216 2424 336">
     <span class='ocr_line' id='line_1_1' title="bbox 484 216 2424 336; baseline -0.001 -42"><span class='ocrx_word' id='word_1_1' title='bbox 484 216 503 222; x_wconf 88' lang='grc'><strong>’</strong></span> <span class='ocrx_word' id='word_1_2' title='bbox 598 240 683 309; x_wconf 75' lang='lat'><strong>24</strong></span> <span class='ocrx_word' id='word_1_3' title='bbox 739 232 1298 336; x_wconf 74' lang='lat' dir='ltr'><strong>FREmsHEMu</strong></span> <span class='ocrx_word' id='word_1_4' title='bbox 1329 229 2155 295; x_wconf 70' lang='lat' dir='ltr'><strong>surrLEMEN&#39;roRnM</strong></span> <span class='ocrx_word' id='word_1_5' title='bbox 2198 233 2347 294; x_wconf 72' lang='lat' dir='ltr'><strong>Lm.</strong></span> <span class='ocrx_word' id='word_1_6' title='bbox 2377 234 2424 294; x_wconf 87' lang='lat'><strong>1.</strong></span> 
     </span>
    </p>
   </div>
   <div class='ocr_carea' id='block_1_2' title="bbox 238 437 2645 2401">
    <p class='ocr_par' dir='ltr' id='par_1_2' title="bbox 254 437 2577 524">
     <span class='ocr_line' id='line_1_2' title="bbox 254 437 2577 524; baseline -0.002 -26"><span class='ocrx_word' id='word_1_7' title='bbox 254 439 537 512; x_wconf 63' lang='lat' dir='ltr'><strong>Uet-467.</strong></span> <span class='ocrx_word' id='word_1_8' title='bbox 601 460 876 524; x_wconf 81' lang='lat' dir='ltr'><strong>gemque</strong></span> <span class='ocrx_word' id='word_1_9' title='bbox 906 440 1251 522; x_wconf 76' lang='lat' dir='ltr'><strong>Publiliam</strong></span> <span class='ocrx_word' id='word_1_10' title='bbox 1291 440 1514 524; x_wconf 87' lang='lat' dir='ltr'><strong>sperni</strong></span> <span class='ocrx_word' id='word_1_11' title='bbox 1553 437 1740 524; x_wconf 80' lang='lat' dir='ltr'><strong>plebs</strong></span> <span class='ocrx_word' id='word_1_12' title='bbox 1775 438 2050 521; x_wconf 81' lang='lat' dir='ltr'><strong>indigne</strong></span> <span class='ocrx_word' id='word_1_13' title='bbox 2078 438 2308 516; x_wconf 81' lang='lat' dir='ltr'><strong>ferret,</strong></span> <span class='ocrx_word' id='word_1_14' title='bbox 2348 459 2577 522; x_wconf 79' lang='lat' dir='ltr'><strong>quam-</strong></span> 
     </span>
    </p>

    <p class='ocr_par' dir='ltr' id='par_1_3' title="bbox 291 521 2575 605">
     <span class='ocr_line' id='line_1_3' title="bbox 291 521 2575 605; baseline 0 -23"><span class='ocrx_word' id='word_1_15' title='bbox 291 578 296 582; x_wconf 80' lang='lat'><strong>.</strong></span> <span class='ocrx_word' id='word_1_16' title='bbox 601 544 788 603; x_wconf 83' lang='lat' dir='ltr'><strong>quam</strong></span> <span class='ocrx_word' id='word_1_17' title='bbox 819 522 1038 583; x_wconf 84' lang='lat' dir='ltr'><strong>multis</strong></span> <span class='ocrx_word' id='word_1_18' title='bbox 1070 523 1559 594; x_wconf 77' lang='lat' dir='ltr'><strong>reluctantibuS‚</strong></span> <span class='ocrx_word' id='word_1_19' title='bbox 1606 521 1970 583; x_wconf 86' lang='lat' dir='ltr'><strong>cedendum</strong></span> <span class='ocrx_word' id='word_1_20' title='bbox 2000 522 2403 605; x_wconf 82' lang='lat' dir='ltr'>temporibus</span> <span class='ocrx_word' id='word_1_21' title='bbox 2434 521 2575 593; x_wconf 77' lang='lat' dir='ltr'><strong>effe</strong></span> 
     </span>
    </p>

    <p class='ocr_par' dir='ltr' id='par_1_4' title="bbox 292 603 2576 688">
     <span class='ocr_line' id='line_1_4' title="bbox 292 603 2576 688; baseline -0 -25"><span class='ocrx_word' id='word_1_22' title='bbox 292 610 406 664; x_wconf 79' lang='lat' dir='ltr'><strong>Lex</strong></span> <span class='ocrx_word' id='word_1_23' title='bbox 430 605 571 666; x_wconf 79' lang='lat' dir='ltr'><strong>Hor·</strong></span> <span class='ocrx_word' id='word_1_24' title='bbox 599 604 887 666; x_wconf 77' lang='lat' dir='ltr'><strong>censuit:</strong></span> <span class='ocrx_word' id='word_1_25' title='bbox 953 624 1248 688; x_wconf 86' lang='lat' dir='ltr'><strong>novaque</strong></span> <span class='ocrx_word' id='word_1_26' title='bbox 1296 605 1445 685; x_wconf 84' lang='lat' dir='ltr'><strong>lege</strong></span> <span class='ocrx_word' id='word_1_27' title='bbox 1491 605 1559 665; x_wconf 89' lang='lat' dir='ltr'><strong>in</strong></span> <span class='ocrx_word' id='word_1_28' title='bbox 1597 604 1907 664; x_wconf 87' lang='lat' dir='ltr'><strong>Esculeto</strong></span> <span class='ocrx_word' id='word_1_29' title='bbox 1944 604 2068 665; x_wconf 86' lang='lat' dir='ltr'><strong>lata</strong></span> <span class='ocrx_word' id='word_1_30' title='bbox 2107 603 2341 664; x_wconf 85' lang='lat' dir='ltr'><strong>iterum</strong></span> <span class='ocrx_word' id='word_1_31' title='bbox 2377 622 2576 663; x_wconf 87' lang='lat' dir='ltr'><strong>accu-</strong></span> 
     </span>
    </p>

    <p class='ocr_par' dir='ltr' id='par_1_5' title="bbox 256 681 2573 768">
     <span class='ocr_line' id='line_1_5' title="bbox 256 681 2573 768; baseline -0.003 -26"><span class='ocrx_word' id='word_1_32' title='bbox 256 681 455 742; x_wconf 70' lang='lat' dir='ltr'><strong>mm&#39;a·</strong></span> <span class='ocrx_word' id='word_1_33' title='bbox 598 687 801 748; x_wconf 82' lang='lat' dir='ltr'><strong>ratius</strong></span> <span class='ocrx_word' id='word_1_34' title='bbox 833 686 1083 759; x_wconf 80' lang='lat' dir='ltr'><strong>sanxit,</strong></span> <span class='ocrx_word' id='word_1_35' title='bbox 1129 704 1193 746; x_wconf 74' lang='lat' dir='ltr'><strong>ut</strong></span> <span class='ocrx_word' id='word_1_36' title='bbox 1215 729 1230 759; x_wconf 95' lang='lat'>,</span> <span class='ocrx_word' id='word_1_37' title='bbox 1274 687 1421 768; x_wconf 74' lang='lat' dir='ltr'><strong>qupd</strong></span> <span class='ocrx_word' id='word_1_38' title='bbox 1457 685 1631 765; x_wconf 82' lang='lat' dir='ltr'><strong>plebes</strong></span> <span class='ocrx_word' id='word_1_39' title='bbox 1653 684 1908 765; x_wconf 81' lang='lat' dir='ltr'><strong>jussiffet</strong></span> <span class='ocrx_word' id='word_1_40' title='bbox 1930 728 1946 757; x_wconf 92' lang='lat'>,</span> <span class='ocrx_word' id='word_1_41' title='bbox 1993 703 2170 743; x_wconf 82' lang='lat' dir='ltr'><strong>omnes</strong></span> <span class='ocrx_word' id='word_1_42' title='bbox 2196 686 2453 766; x_wconf 63' lang='lat' dir='ltr'><strong>erriresj·</strong></span> <span class='ocrx_word' id='word_1_43' title='bbox 2482 704 2573 742; x_wconf 82' lang='lat' dir='ltr'><strong>te-</strong></span> 
     </span>
    </p>

    <p class='ocr_par' dir='ltr' id='par_1_6' title="bbox 597 766 2579 850">
     <span class='ocr_line' id='line_1_6' title="bbox 597 766 2579 850; baseline 0.001 -24"><span class='ocrx_word' id='word_1_44' title='bbox 597 788 771 829; x_wconf 84' lang='lat' dir='ltr'><em>neret.</em></span> <span class='ocrx_word' id='word_1_45' title='bbox 818 768 943 829; x_wconf 84' lang='lat' dir='ltr'><strong>His</strong></span> <span class='ocrx_word' id='word_1_46' title='bbox 979 767 1253 850; x_wconf 85' lang='lat' dir='ltr'><strong>aliisque</strong></span> <span class='ocrx_word' id='word_1_47' title='bbox 1295 768 1668 831; x_wconf 81' lang='lat' dir='ltr'><strong>lenimentis</strong></span> <span class='ocrx_word' id='word_1_48' title='bbox 1712 780 2012 828; x_wconf 85' lang='lat' dir='ltr'><strong>revocata</strong></span> <span class='ocrx_word' id='word_1_49' title='bbox 2048 766 2125 827; x_wconf 88' lang='lat' dir='ltr'><strong>ad</strong></span> <span class='ocrx_word' id='word_1_50' title='bbox 2151 766 2579 827; x_wconf 75' lang='lat' dir='ltr'>concordiam</span> 
     </span>
    </p>

    <p class='ocr_par' dir='ltr' id='par_1_7' title="bbox 598 848 2577 934">
     <span class='ocr_line' id='line_1_7' title="bbox 598 848 2577 934; baseline -0.001 -23"><span class='ocrx_word' id='word_1_51' title='bbox 598 863 663 911; x_wconf 89' lang='lat' dir='ltr'><strong>et</strong></span> <span class='ocrx_word' id='word_1_52' title='bbox 694 852 863 911; x_wconf 85' lang='lat' dir='ltr'><strong>lares</strong></span> <span class='ocrx_word' id='word_1_53' title='bbox 897 867 1048 909; x_wconf 87' lang='lat' dir='ltr'><strong>suos</strong></span> <span class='ocrx_word' id='word_1_54' title='bbox 1066 849 1280 934; x_wconf 82' lang='lat' dir='ltr'>plebe,</span> <span class='ocrx_word' id='word_1_55' title='bbox 1327 850 1629 922; x_wconf 87' lang='lat' dir='ltr'><strong>dictator,</strong></span> <span class='ocrx_word' id='word_1_56' title='bbox 1677 848 1815 910; x_wconf 82' lang='lat' dir='ltr'><strong>sive</strong></span> <span class='ocrx_word' id='word_1_57' title='bbox 1843 848 2055 909; x_wconf 83' lang='lat' dir='ltr'><strong>morbi</strong></span> <span class='ocrx_word' id='word_1_58' title='bbox 2078 848 2287 909; x_wconf 79' lang='lat' dir='ltr'><strong>subita</strong></span> <span class='ocrx_word' id='word_1_59' title='bbox 2308 850 2397 921; x_wconf 83' lang='lat' dir='ltr'><strong>vi,</strong></span> <span class='ocrx_word' id='word_1_60' title='bbox 2424 849 2577 909; x_wconf 82' lang='lat' dir='ltr'><strong>sive</strong></span> 
     </span>
    </p>

    <p class='ocr_par' dir='ltr' id='par_1_8' title="bbox 594 929 2578 1020">
     <span class='ocr_line' id='line_1_8' title="bbox 594 929 2578 1020; baseline -0.001 -29"><span class='ocrx_word' id='word_1_61' title='bbox 594 931 776 993; x_wconf 89' lang='lat' dir='ltr'><strong>curis</strong></span> <span class='ocrx_word' id='word_1_62' title='bbox 810 947 875 993; x_wconf 87' lang='lat' dir='ltr'><strong>et</strong></span> <span class='ocrx_word' id='word_1_63' title='bbox 913 931 1245 995; x_wconf 85' lang='lat' dir='ltr'>laboribus</span> <span class='ocrx_word' id='word_1_64' title='bbox 1276 932 1611 1020; x_wconf 77' lang='lat' dir='ltr'><strong>oppress&#39;us</strong></span> <span class='ocrx_word' id='word_1_65' title='bbox 1644 974 1661 1002; x_wconf 87' lang='lat'>‚</span> <span class='ocrx_word' id='word_1_66' title='bbox 1710 929 1881 1013; x_wconf 90' lang='lat' dir='ltr'><strong>quod</strong></span> <span class='ocrx_word' id='word_1_67' title='bbox 1915 945 2100 992; x_wconf 85' lang='lat' dir='ltr'><strong>antea</strong></span> <span class='ocrx_word' id='word_1_68' title='bbox 2137 930 2379 990; x_wconf 89' lang='lat' dir='ltr'><strong>nemini</strong></span> <span class='ocrx_word' id='word_1_69' title='bbox 2409 950 2578 991; x_wconf 74' lang='lat' dir='ltr'><strong>con-</strong></span> 
     </span>
    </p>

    <p class='ocr_par' dir='ltr' id='par_1_9' title="bbox 598 1007 2575 1096">
     <span class='ocr_line' id='line_1_9' title="bbox 598 1007 2575 1096; baseline -0.003 -24"><span class='ocrx_word' id='word_1_70' title='bbox 598 1013 877 1095; x_wconf 80' lang='lat' dir='ltr'>tigerat,</span> <span class='ocrx_word' id='word_1_71' title='bbox 942 1013 1006 1074; x_wconf 85' lang='lat' dir='ltr'><strong>in</strong></span> <span class='ocrx_word' id='word_1_72' title='bbox 1050 1007 1412 1096; x_wconf 79' lang='lat' dir='ltr'><strong>magistratu</strong></span> <span class='ocrx_word' id='word_1_73' title='bbox 1454 1027 1744 1073; x_wconf 85' lang='lat' dir='ltr'><strong>mortuus</strong></span> <span class='ocrx_word' id='word_1_74' title='bbox 1793 1009 1900 1073; x_wconf 85' lang='lat' dir='ltr'><strong>est.</strong></span> <span class='ocrx_word' id='word_1_75' title='bbox 1991 1011 2149 1074; x_wconf 88' lang='lat' dir='ltr'><strong>Inde</strong></span> <span class='ocrx_word' id='word_1_76' title='bbox 2197 1011 2412 1074; x_wconf 86' lang='lat' dir='ltr'><strong>minor</strong></span> <span class='ocrx_word' id='word_1_77' title='bbox 2450 1012 2575 1072; x_wconf 83' lang='lat' dir='ltr'><strong>ali-</strong></span> 
     </span>
    </p>

    <p class='ocr_par' dir='ltr' id='par_1_10' title="bbox 600 1092 2578 1179">
     <span class='ocr_line' id='line_1_10' title="bbox 600 1092 2578 1179; baseline -0.001 -24"><span class='ocrx_word' id='word_1_78' title='bbox 600 1095 902 1179; x_wconf 83' lang='lat' dir='ltr'><strong>quamdiu</strong></span> <span class='ocrx_word' id='word_1_79' title='bbox 945 1093 1244 1156; x_wconf 85' lang='lat' dir='ltr'><strong>ordinum</strong></span> <span class='ocrx_word' id='word_1_80' title='bbox 1288 1096 1354 1156; x_wconf 89' lang='lat' dir='ltr'><strong>in</strong></span> <span class='ocrx_word' id='word_1_81' title='bbox 1393 1094 1555 1155; x_wconf 90' lang='lat' dir='ltr'><strong>urbe</strong></span> <span class='ocrx_word' id='word_1_82' title='bbox 1592 1093 1898 1154; x_wconf 80' lang='lat' dir='ltr'><strong>diss&#39;ensio</strong></span> <span class='ocrx_word' id='word_1_83' title='bbox 1933 1092 2077 1154; x_wconf 83' lang='lat' dir='ltr'><strong>suit.</strong></span> <span class='ocrx_word' id='word_1_84' title='bbox 2151 1093 2270 1154; x_wconf 89' lang='lat' dir='ltr'><strong>sed</strong></span> <span class='ocrx_word' id='word_1_85' title='bbox 2304 1093 2578 1174; x_wconf 81' lang='lat' dir='ltr'><strong>imperii-</strong></span> 
     </span>
    </p>

    <p class='ocr_par' dir='ltr' id='par_1_11' title="bbox 600 1174 2645 1341">
     <span class='ocr_line' id='line_1_11' title="bbox 600 1174 2571 1259; baseline -0.003 -21"><span class='ocrx_word' id='word_1_86' title='bbox 600 1178 843 1240; x_wconf 81' lang='lat' dir='ltr'><strong>sensim</strong></span> <span class='ocrx_word' id='word_1_87' title='bbox 892 1175 1248 1237; x_wconf 83' lang='lat' dir='ltr'><strong>deformata</strong></span> <span class='ocrx_word' id='word_1_88' title='bbox 1281 1176 1566 1259; x_wconf 18' lang='lat' dir='ltr'><strong>*dignitas</strong></span> <span class='ocrx_word' id='word_1_89' title='bbox 1591 1218 1607 1249; x_wconf 88' lang='lat'>‚</span> <span class='ocrx_word' id='word_1_90' title='bbox 1633 1196 1852 1257; x_wconf 33' lang='lat' dir='ltr'><strong>{quum</strong></span> <span class='ocrx_word' id='word_1_91' title='bbox 1872 1218 1888 1248; x_wconf 88' lang='lat'><strong>‚</strong></span> <span class='ocrx_word' id='word_1_92' title='bbox 1934 1174 2127 1257; x_wconf 82' lang='lat' dir='ltr'><strong>plebe</strong></span> <span class='ocrx_word' id='word_1_93' title='bbox 2162 1177 2238 1234; x_wconf 91' lang='lat' dir='ltr'><strong>ad</strong></span> <span class='ocrx_word' id='word_1_94' title='bbox 2268 1175 2571 1234; x_wconf 85' lang='lat' dir='ltr'><strong>ambitio-</strong></span> 
     </span>
     <span class='ocr_line' id='line_1_12' title="bbox 601 1256 2645 1341; baseline -0.001 -24"><span class='ocrx_word' id='word_1_95' title='bbox 601 1278 821 1318; x_wconf 86' lang='lat' dir='ltr'><strong>sorum</strong></span> <span class='ocrx_word' id='word_1_96' title='bbox 855 1257 1185 1318; x_wconf 89' lang='lat' dir='ltr'><strong>hominum</strong></span> <span class='ocrx_word' id='word_1_97' title='bbox 1219 1257 1485 1320; x_wconf 80' lang='lat' dir='ltr'><strong>fraudes</strong></span> <span class='ocrx_word' id='word_1_98' title='bbox 1535 1277 1760 1341; x_wconf 78' lang='lat' dir='ltr'><strong>parum</strong></span> <span class='ocrx_word' id='word_1_99' title='bbox 1799 1271 2015 1329; x_wconf 82' lang='lat' dir='ltr'><strong>cauta,</strong></span> <span class='ocrx_word' id='word_1_100' title='bbox 2066 1271 2130 1318; x_wconf 90' lang='lat' dir='ltr'><strong>et</strong></span> <span class='ocrx_word' id='word_1_101' title='bbox 2155 1299 2171 1329; x_wconf 88' lang='lat'><strong>‚</strong></span> <span class='ocrx_word' id='word_1_102' title='bbox 2223 1256 2335 1318; x_wconf 70' lang='lat' dir='ltr'><strong>¹vel</strong></span> <span class='ocrx_word' id='word_1_103' title='bbox 2374 1270 2571 1339; x_wconf 83' lang='lat' dir='ltr'><strong>pote·</strong></span> <span class='ocrx_word' id='word_1_104' title='bbox 2635 1285 2645 1292; x_wconf 84' lang='lat'>·</span> 
     </span>
    </p>

    <p class='ocr_par' dir='ltr' id='par_1_12' title="bbox 597 1335 2571 1422">
     <span class='ocr_line' id='line_1_13' title="bbox 597 1335 2571 1422; baseline -0.001 -23"><span class='ocrx_word' id='word_1_105' title='bbox 597 1335 768 1400; x_wconf 82' lang='lat' dir='ltr'><strong>statis</strong></span> <span class='ocrx_word' id='word_1_106' title='bbox 798 1338 1197 1402; x_wconf 78' lang='lat' dir='ltr'><strong>exercendae</strong></span> <span class='ocrx_word' id='word_1_107' title='bbox 1239 1339 1440 1401; x_wconf 78' lang='lat' dir='ltr'><strong>causs&#39;a</strong></span> <span class='ocrx_word' id='word_1_108' title='bbox 1464 1382 1481 1412; x_wconf 92' lang='lat'>‚</span> <span class='ocrx_word' id='word_1_109' title='bbox 1546 1337 1956 1422; x_wconf 74' lang='lat' dir='ltr'><strong>quibuslibet,</strong></span> <span class='ocrx_word' id='word_1_110' title='bbox 1981 1337 2423 1422; x_wconf 84' lang='lat' dir='ltr'><strong>rogationibus</strong></span> <span class='ocrx_word' id='word_1_111' title='bbox 2458 1358 2571 1420; x_wconf 85' lang='lat' dir='ltr'><strong>ac-</strong></span> 
     </span>
    </p>

    <p class='ocr_par' dir='ltr' id='par_1_13' title="bbox 564 1418 2572 1518">
     <span class='ocr_line' id='line_1_14' title="bbox 564 1418 2572 1518; baseline -0 -36"><span class='ocrx_word' id='word_1_112' title='bbox 564 1493 568 1504; x_wconf 70' lang='lat'>‚</span> <span class='ocrx_word' id='word_1_113' title='bbox 598 1420 920 1518; x_wconf 73' lang='lat' dir='ltr'><strong>cipiendis</strong></span> <span class='ocrx_word' id='word_1_114' title='bbox 960 1420 1170 1494; x_wconf 77' lang='lat' dir='ltr'><strong>facili,</strong></span> <span class='ocrx_word' id='word_1_115' title='bbox 1215 1422 1411 1485; x_wconf 88' lang='lat' dir='ltr'><strong>multa</strong></span> <span class='ocrx_word' id='word_1_116' title='bbox 1439 1420 1914 1492; x_wconf 81' lang='lat' dir='ltr'><strong>sciscerentur,</strong></span> <span class='ocrx_word' id='word_1_117' title='bbox 1957 1441 2126 1503; x_wconf 79' lang='lat' dir='ltr'><strong>quae</strong></span> <span class='ocrx_word' id='word_1_118' title='bbox 2163 1418 2572 1503; x_wconf 77' lang='lat' dir='ltr'><strong>reipublicae</strong></span> 
     </span>
    </p>

    <p class='ocr_par' dir='ltr' id='par_1_14' title="bbox 529 1499 2568 1585">
     <span class='ocr_line' id='line_1_15' title="bbox 529 1499 2568 1585; baseline 0 -24"><span class='ocrx_word' id='word_1_119' title='bbox 529 1547 537 1554; x_wconf 87' lang='lat'><strong>.</strong></span> <span class='ocrx_word' id='word_1_120' title='bbox 596 1501 796 1563; x_wconf 88' lang='lat' dir='ltr'><strong>decus</strong></span> <span class='ocrx_word' id='word_1_121' title='bbox 821 1544 837 1574; x_wconf 88' lang='lat'><strong>‚</strong></span> <span class='ocrx_word' id='word_1_122' title='bbox 881 1515 945 1563; x_wconf 88' lang='lat' dir='ltr'><strong>et</strong></span> <span class='ocrx_word' id='word_1_123' title='bbox 980 1502 1055 1562; x_wconf 90' lang='lat' dir='ltr'><strong>ad</strong></span> <span class='ocrx_word' id='word_1_124' title='bbox 1083 1516 1438 1565; x_wconf 82' lang='lat' dir='ltr'><strong>extremum</strong></span> <span class='ocrx_word' id='word_1_125' title='bbox 1472 1502 1606 1585; x_wconf 82' lang='lat' dir='ltr'><strong>ipsa</strong></span> <span class='ocrx_word' id='word_1_126' title='bbox 1639 1499 2051 1580; x_wconf 80' lang='lat' dir='ltr'><strong>fundamenta</strong></span> <span class='ocrx_word' id='word_1_127' title='bbox 2085 1502 2568 1572; x_wconf 76' lang='lat' dir='ltr'><strong>convellerent:</strong></span> 
     </span>
    </p>

    <p class='ocr_par' dir='ltr' id='par_1_15' title="bbox 238 1570 2571 2401">
     <span class='ocr_line' id='line_1_16' title="bbox 307 1570 2571 1666; baseline 0.001 -23"><span class='ocrx_word' id='word_1_128' title='bbox 307 1570 545 1660; x_wconf 51' lang='lat' dir='ltr'><strong>magny,</strong></span> <span class='ocrx_word' id='word_1_129' title='bbox 596 1582 1048 1645; x_wconf 83' lang='lat' dir='ltr'><strong>documentum</strong></span> <span class='ocrx_word' id='word_1_130' title='bbox 1080 1583 1338 1665; x_wconf 79' lang='lat' dir='ltr'><strong>insigne</strong></span> <span class='ocrx_word' id='word_1_131' title='bbox 1377 1599 1484 1646; x_wconf 69' lang='lat' dir='ltr'><strong>res</strong></span> <span class='ocrx_word' id='word_1_132' title='bbox 1516 1583 1927 1666; x_wconf 48' lang='lat' dir='ltr'><strong>regentibus»,</strong></span> <span class='ocrx_word' id='word_1_133' title='bbox 1973 1603 2055 1645; x_wconf 87' lang='lat' dir='ltr'><strong>ne</strong></span> <span class='ocrx_word' id='word_1_134' title='bbox 2096 1583 2325 1664; x_wconf 82' lang='lat' dir='ltr'><strong>vulgus</strong></span> <span class='ocrx_word' id='word_1_135' title='bbox 2348 1625 2364 1655; x_wconf 87' lang='lat'>‚</span> <span class='ocrx_word' id='word_1_136' title='bbox 2409 1584 2463 1643; x_wconf 89' lang='lat' dir='ltr'><strong>si</strong></span> <span class='ocrx_word' id='word_1_137' title='bbox 2488 1603 2571 1645; x_wconf 79' lang='lat' dir='ltr'><strong>re</strong></span> 
     </span>
     <span class='ocr_line' id='line_1_17' title="bbox 250 1641 2565 1774; baseline -0 -50"><span class='ocrx_word' id='word_1_138' title='bbox 250 1641 569 1774; x_wconf 52' lang='lat' dir='ltr'><strong>:ffssssszn</strong></span> <span class='ocrx_word' id='word_1_139' title='bbox 596 1664 900 1730; x_wconf 79' lang='lat' dir='ltr'><strong>familiari</strong></span> <span class='ocrx_word' id='word_1_140' title='bbox 938 1665 1271 1726; x_wconf 87' lang='lat' dir='ltr'><strong>commoda</strong></span> <span class='ocrx_word' id='word_1_141' title='bbox 1301 1667 1397 1727; x_wconf 87' lang='lat' dir='ltr'><strong>uti</strong></span> <span class='ocrx_word' id='word_1_142' title='bbox 1419 1666 1632 1751; x_wconf 64' lang='lat' dir='ltr'><strong>point,</strong></span> <span class='ocrx_word' id='word_1_143' title='bbox 1677 1665 1917 1746; x_wconf 88' lang='lat' dir='ltr'><strong>majora</strong></span> <span class='ocrx_word' id='word_1_144' title='bbox 1945 1686 2075 1726; x_wconf 89' lang='lat' dir='ltr'><strong>non</strong></span> <span class='ocrx_word' id='word_1_145' title='bbox 2107 1665 2565 1745; x_wconf 80' lang='lat' dir='ltr'><strong>cogitaturum,</strong></span> 
     </span>
     <span class='ocr_line' id='line_1_18' title="bbox 247 1729 2569 1848; baseline 0 -42"><span class='ocrx_word' id='word_1_146' title='bbox 247 1729 567 1848; x_wconf 54' lang='lat' dir='ltr'><strong>paestano</strong></span> <span class='ocrx_word' id='word_1_147' title='bbox 594 1746 852 1825; x_wconf 81' lang='lat' dir='ltr'><strong>injuriis</strong></span> <span class='ocrx_word' id='word_1_148' title='bbox 899 1745 1379 1842; x_wconf 80' lang='lat' dir='ltr'><strong>opulentiorum</strong></span> <span class='ocrx_word' id='word_1_149' title='bbox 1431 1746 1509 1808; x_wconf 87' lang='lat' dir='ltr'><strong>ad</strong></span> <span class='ocrx_word' id='word_1_150' title='bbox 1564 1746 1978 1832; x_wconf 80' lang='lat' dir='ltr'><strong>cupiditatem</strong></span> <span class='ocrx_word' id='word_1_151' title='bbox 2000 1739 2346 1831; x_wconf 45' lang='lat' dir='ltr'><strong>*potestatis</strong></span> <span class='ocrx_word' id='word_1_152' title='bbox 2373 1789 2390 1820; x_wconf 91' lang='lat'>‚</span> <span class='ocrx_word' id='word_1_153' title='bbox 2439 1767 2569 1830; x_wconf 69' lang='lat' dir='ltr'><strong>qua</strong></span> 
     </span>
     <span class='ocr_line' id='line_1_19' title="bbox 595 1827 1778 1915; baseline 0.001 -27"><span class='ocrx_word' id='word_1_154' title='bbox 595 1828 690 1891; x_wconf 85' lang='lat' dir='ltr'><strong>uti</strong></span> <span class='ocrx_word' id='word_1_155' title='bbox 722 1850 852 1890; x_wconf 88' lang='lat' dir='ltr'><strong>non</strong></span> <span class='ocrx_word' id='word_1_156' title='bbox 893 1827 1155 1902; x_wconf 71' lang='lat' dir='ltr'><strong>dulicit,</strong></span> <span class='ocrx_word' id='word_1_157' title='bbox 1222 1830 1398 1913; x_wconf 79' lang='lat' dir='ltr'><strong>adigi</strong></span> <span class='ocrx_word' id='word_1_158' title='bbox 1432 1830 1778 1915; x_wconf 82' lang='lat' dir='ltr'><strong>patiantur.</strong></span> 
     </span>
     <span class='ocr_line' id='line_1_20' title="bbox 315 1983 2568 2077; baseline -0 -25"><span class='ocrx_word' id='word_1_159' title='bbox 315 1983 427 2036; x_wconf 76' lang='lat' dir='ltr'><strong>Lex</strong></span> <span class='ocrx_word' id='word_1_160' title='bbox 474 1986 538 2070; x_wconf 54' lang='grc' dir='ltr'><strong>ξ’</strong></span> <span class='ocrx_word' id='word_1_161' title='bbox 718 1993 1007 2055; x_wconf 80' lang='lat' dir='ltr'>XXVIII.</span> <span class='ocrx_word' id='word_1_162' title='bbox 1054 1994 1300 2075; x_wconf 82' lang='lat' dir='ltr'><strong>Legem</strong></span> <span class='ocrx_word' id='word_1_163' title='bbox 1341 2012 1600 2077; x_wconf 85' lang='lat' dir='ltr'><strong>quoque</strong></span> <span class='ocrx_word' id='word_1_164' title='bbox 1632 1992 1713 2054; x_wconf 90' lang='lat' dir='ltr'><strong>de</strong></span> <span class='ocrx_word' id='word_1_165' title='bbox 1755 1991 2083 2073; x_wconf 80' lang='lat' dir='ltr'><strong>suffragiis</strong></span> <span class='ocrx_word' id='word_1_166' title='bbox 2129 1992 2370 2053; x_wconf 88' lang='lat' dir='ltr'><strong>circum</strong></span> <span class='ocrx_word' id='word_1_167' title='bbox 2400 1988 2568 2051; x_wconf 81' lang='lat' dir='ltr'><strong>baec</strong></span> 
     </span>
     <span class='ocr_line' id='line_1_21' title="bbox 238 2050 2566 2157; baseline -0 -24"><span class='ocrx_word' id='word_1_168' title='bbox 238 2050 564 2126; x_wconf 63' lang='lat' dir='ltr'><strong>suffragm&#39;·</strong></span> <span class='ocrx_word' id='word_1_169' title='bbox 594 2087 888 2157; x_wconf 76' lang='lat' dir='ltr'><strong>tempora</strong></span> <span class='ocrx_word' id='word_1_170' title='bbox 928 2075 1113 2137; x_wconf 83' lang='lat' dir='ltr'><strong>latam</strong></span> <span class='ocrx_word' id='word_1_171' title='bbox 1155 2075 1282 2135; x_wconf 83' lang='lat' dir='ltr'><strong>esse</strong></span> <span class='ocrx_word' id='word_1_172' title='bbox 1328 2075 1754 2154; x_wconf 67' lang='lat' dir='ltr'><strong>crediderim,</strong></span> <span class='ocrx_word' id='word_1_173' title='bbox 1820 2095 1941 2156; x_wconf 87' lang='lat' dir='ltr'><strong>qua</strong></span> <span class='ocrx_word' id='word_1_174' title='bbox 1987 2076 2214 2134; x_wconf 84' lang='lat' dir='ltr'><strong>Patres</strong></span> <span class='ocrx_word' id='word_1_175' title='bbox 2258 2074 2323 2132; x_wconf 91' lang='lat' dir='ltr'><strong>in</strong></span> <span class='ocrx_word' id='word_1_176' title='bbox 2361 2071 2566 2132; x_wconf 90' lang='lat' dir='ltr'><strong>comi-</strong></span> 
     </span>
     <span class='ocr_line' id='line_1_22' title="bbox 500 2151 2562 2236; baseline -0.001 -20"><span class='ocrx_word' id='word_1_177' title='bbox 500 2173 507 2182; x_wconf 55' lang='lat'><em>*</em></span> <span class='ocrx_word' id='word_1_178' title='bbox 592 2155 834 2216; x_wconf 81' lang='lat' dir='ltr'><strong>tiorum</strong></span> <span class='ocrx_word' id='word_1_179' title='bbox 886 2156 1203 2217; x_wconf 86' lang='lat' dir='ltr'><strong>incertum</strong></span> <span class='ocrx_word' id='word_1_180' title='bbox 1260 2169 1580 2217; x_wconf 60' lang='lat' dir='ltr'><strong>eventum&#39;</strong></span> <span class='ocrx_word' id='word_1_181' title='bbox 1615 2170 1911 2215; x_wconf 82' lang='lat' dir='ltr'><strong>auctores</strong></span> <span class='ocrx_word' id='word_1_182' title='bbox 1962 2151 2109 2214; x_wconf 88' lang='lat' dir='ltr'><strong>fieri</strong></span> <span class='ocrx_word' id='word_1_183' title='bbox 2138 2153 2562 2236; x_wconf 77' lang='lat' dir='ltr'><strong>cogebantur.</strong></span> 
     </span>
     <span class='ocr_line' id='line_1_23' title="bbox 592 2235 2564 2321; baseline -0.001 -26"><span class='ocrx_word' id='word_1_184' title='bbox 592 2237 922 2298; x_wconf 83' lang='lat' dir='ltr'><strong>Hactenus</strong></span> <span class='ocrx_word' id='word_1_185' title='bbox 969 2238 1141 2316; x_wconf 86' lang='lat' dir='ltr'><strong>enim</strong></span> <span class='ocrx_word' id='word_1_186' title='bbox 1171 2257 1248 2299; x_wconf 87' lang='lat' dir='ltr'><strong>eo</strong></span> <span class='ocrx_word' id='word_1_187' title='bbox 1280 2239 1425 2321; x_wconf 85' lang='lat' dir='ltr'><strong>jure</strong></span> <span class='ocrx_word' id='word_1_188' title='bbox 1462 2236 1826 2308; x_wconf 80' lang='lat' dir='ltr'><strong>utebantur,</strong></span> <span class='ocrx_word' id='word_1_189' title='bbox 1870 2235 1964 2295; x_wconf 89' lang='lat' dir='ltr'><strong>uti</strong></span> <span class='ocrx_word' id='word_1_190' title='bbox 1992 2235 2416 2317; x_wconf 76' lang='lat' dir='ltr'><strong>magistratum</strong></span> <span class='ocrx_word' id='word_1_191' title='bbox 2445 2254 2564 2313; x_wconf 82' lang='lat' dir='ltr'><strong>ge-</strong></span> 
     </span>
     <span class='ocr_line' id='line_1_24' title="bbox 461 2311 2565 2401; baseline -0.002 -21"><span class='ocrx_word' id='word_1_192' title='bbox 461 2311 469 2319; x_wconf 60' lang='grc'><em>’</em></span> <span class='ocrx_word' id='word_1_193' title='bbox 500 2373 511 2378; x_wconf 77' lang='lat'><em>-</em></span> <span class='ocrx_word' id='word_1_194' title='bbox 591 2338 742 2379; x_wconf 87' lang='lat' dir='ltr'><strong>rere</strong></span> <span class='ocrx_word' id='word_1_195' title='bbox 779 2339 904 2379; x_wconf 88' lang='lat' dir='ltr'><strong>non</strong></span> <span class='ocrx_word' id='word_1_196' title='bbox 949 2319 1152 2401; x_wconf 84' lang='lat' dir='ltr'><strong>posset</strong></span> <span class='ocrx_word' id='word_1_197' title='bbox 1175 2362 1191 2393; x_wconf 89' lang='lat'>‚</span> <span class='ocrx_word' id='word_1_198' title='bbox 1238 2316 1342 2380; x_wconf 89' lang='lat' dir='ltr'><strong>cui</strong></span> <span class='ocrx_word' id='word_1_199' title='bbox 1375 2337 1461 2401; x_wconf 86' lang='lat' dir='ltr'><strong>po</strong></span> <span class='ocrx_word' id='word_1_200' title='bbox 1510 2317 1601 2379; x_wconf 86' lang='lat' dir='ltr'><strong>uli</strong></span> <span class='ocrx_word' id='word_1_201' title='bbox 1646 2316 1973 2399; x_wconf 68' lang='lat' dir='ltr'><strong>suffragiis</strong></span> <span class='ocrx_word' id='word_1_202' title='bbox 2004 2317 2187 2377; x_wconf 86' lang='lat' dir='ltr'><strong>datus</strong></span> <span class='ocrx_word' id='word_1_203' title='bbox 2217 2318 2392 2387; x_wconf 66' lang='lat' dir='ltr'><strong>ciret,</strong></span> <span class='ocrx_word' id='word_1_204' title='bbox 2428 2315 2565 2376; x_wconf 87' lang='lat' dir='ltr'><strong>nisi</strong></span> 
     </span>
    </p>
   </div>
   <div class='ocr_carea' id='block_1_3' title="bbox 590 2395 2714 2462">
    <p class='ocr_par' dir='ltr' id='par_1_16' title="bbox 590 2389 2714 2462">
     <span class='ocr_line' id='line_1_25' title="bbox 590 2395 2714 2462; baseline 0 -3"><span class='ocrx_word' id='word_1_205' title='bbox 590 2402 821 2460; x_wconf 79' lang='lat' dir='ltr'><strong>Patres</strong></span> <span class='ocrx_word' id='word_1_206' title='bbox 851 2415 1150 2461; x_wconf 82' lang='lat' dir='ltr'><strong>auctores</strong></span> <span class='ocrx_word' id='word_1_207' title='bbox 1177 2401 1442 2462; x_wconf 80' lang='lat' dir='ltr'><strong>fui‘ss&#39;ent</strong></span> <span class='ocrx_word' id='word_1_208' title='bbox 1495 2401 1640 2460; x_wconf 85' lang='lat' dir='ltr'><strong>acti.</strong></span> <span class='ocrx_word' id='word_1_209' title='bbox 1692 2399 2202 2460; x_wconf 82' lang='lat' dir='ltr'><strong>Contiuebantur</strong></span> <span class='ocrx_word' id='word_1_210' title='bbox 2234 2396 2576 2459; x_wconf 78' lang='lat' dir='ltr'><strong>interdum</strong></span> <span class='ocrx_word' id='word_1_211' title='bbox 2711 2395 2714 2400; x_wconf 66' lang='grc'><strong>’</strong></span> 
     </span>
    </p>
   </div>
   <div class='ocr_carea' id='block_1_4' title="bbox 582 2479 2629 2972">
    <p class='ocr_par' dir='ltr' id='par_1_17' title="bbox 582 2479 2629 2972">
     <span class='ocr_line' id='line_1_26' title="bbox 592 2479 2564 2564; baseline -0.001 -25"><span class='ocrx_word' id='word_1_212' title='bbox 592 2480 717 2542; x_wconf 88' lang='lat' dir='ltr'><strong>hoc</strong></span> <span class='ocrx_word' id='word_1_213' title='bbox 739 2482 997 2542; x_wconf 88' lang='lat' dir='ltr'><strong>vinculo</strong></span> <span class='ocrx_word' id='word_1_214' title='bbox 1027 2482 1389 2564; x_wconf 84' lang='lat' dir='ltr'><strong>improvida</strong></span> <span class='ocrx_word' id='word_1_215' title='bbox 1419 2481 1633 2564; x_wconf 87' lang='lat' dir='ltr'><strong>plebis</strong></span> <span class='ocrx_word' id='word_1_216' title='bbox 1665 2479 1883 2557; x_wconf 77' lang='lat' dir='ltr'><strong>studia3</strong></span> <span class='ocrx_word' id='word_1_217' title='bbox 1926 2494 1991 2541; x_wconf 87' lang='lat' dir='ltr'><strong>et</strong></span> <span class='ocrx_word' id='word_1_218' title='bbox 2015 2500 2389 2563; x_wconf 87' lang='lat' dir='ltr'><strong>quamquam</strong></span> <span class='ocrx_word' id='word_1_219' title='bbox 2409 2497 2564 2538; x_wconf 87' lang='lat' dir='ltr'><strong>raro</strong></span> 
     </span>
     <span class='ocr_line' id='line_1_27' title="bbox 593 2558 2565 2648; baseline -0.001 -26"><span class='ocrx_word' id='word_1_220' title='bbox 593 2563 1158 2648; x_wconf 80' lang='lat' dir='ltr'><strong>reprehenderent</strong></span> <span class='ocrx_word' id='word_1_221' title='bbox 1194 2563 1453 2638; x_wconf 74' lang='lat' dir='ltr'><strong>comitia</strong></span> <span class='ocrx_word' id='word_1_222' title='bbox 1496 2564 1762 2636; x_wconf 84' lang='lat' dir='ltr'><strong>Patres,</strong></span> <span class='ocrx_word' id='word_1_223' title='bbox 1812 2576 2020 2630; x_wconf 86' lang='lat' dir='ltr'><strong>tamen</strong></span> <span class='ocrx_word' id='word_1_224' title='bbox 2044 2605 2060 2635; x_wconf 82' lang='lat'>,</span> <span class='ocrx_word' id='word_1_225' title='bbox 2104 2563 2253 2643; x_wconf 87' lang='lat' dir='ltr'><strong>quia</strong></span> <span class='ocrx_word' id='word_1_226' title='bbox 2281 2561 2381 2641; x_wconf 83' lang='lat' dir='ltr'><strong>jus</strong></span> <span class='ocrx_word' id='word_1_227' title='bbox 2410 2558 2565 2642; x_wconf 83' lang='lat' dir='ltr'><strong>ipfis</strong></span> 
     </span>
     <span class='ocr_line' id='line_1_28' title="bbox 595 2643 2560 2728; baseline -0.001 -26"><span class='ocrx_word' id='word_1_228' title='bbox 595 2657 766 2717; x_wconf 83' lang='lat' dir='ltr'><strong>erat,</strong></span> <span class='ocrx_word' id='word_1_229' title='bbox 814 2659 1130 2728; x_wconf 79' lang='lat' dir='ltr'><strong>tamquam</strong></span> <span class='ocrx_word' id='word_1_230' title='bbox 1162 2665 1235 2707; x_wconf 87' lang='lat' dir='ltr'><strong>re</strong></span> <span class='ocrx_word' id='word_1_231' title='bbox 1284 2643 1623 2706; x_wconf 86' lang='lat' dir='ltr'><strong>rehensuri</strong></span> <span class='ocrx_word' id='word_1_232' title='bbox 1660 2644 2129 2707; x_wconf 86' lang='lat' dir='ltr'><strong>metuebantur.</strong></span> <span class='ocrx_word' id='word_1_233' title='bbox 2178 2647 2560 2712; x_wconf 63' lang='lat' dir='ltr'><strong>&#39;l‘umverm</strong></span> 
     </span>
     <span class='ocr_line' id='line_1_29' title="bbox 587 2723 2604 2821; baseline 0 -37"><span class='ocrx_word' id='word_1_234' title='bbox 587 2723 850 2787; x_wconf 38' lang='lat' dir='ltr'><strong>*serente</strong></span> <span class='ocrx_word' id='word_1_235' title='bbox 895 2726 957 2786; x_wconf 94' lang='lat' dir='ltr'><strong>le</strong></span> <span class='ocrx_word' id='word_1_236' title='bbox 1007 2747 1108 2786; x_wconf 91' lang='lat' dir='ltr'><strong>em</strong></span> <span class='ocrx_word' id='word_1_237' title='bbox 1147 2726 1233 2787; x_wconf 87' lang='lat' dir='ltr'><strong>tri</strong></span> <span class='ocrx_word' id='word_1_238' title='bbox 1281 2749 1411 2787; x_wconf 91' lang='lat' dir='ltr'><strong>uno</strong></span> <span class='ocrx_word' id='word_1_239' title='bbox 1446 2727 1659 2810; x_wconf 87' lang='lat' dir='ltr'><strong>plebis</strong></span> <span class='ocrx_word' id='word_1_240' title='bbox 1697 2727 1991 2797; x_wconf 88' lang='lat' dir='ltr'><strong>Maeni0‚</strong></span> <span class='ocrx_word' id='word_1_241' title='bbox 2037 2725 2264 2821; x_wconf 78' lang='lat' dir='ltr'><strong>populi</strong></span> <span class='ocrx_word' id='word_1_242' title='bbox 2299 2723 2565 2819; x_wconf 77' lang='lat' dir='ltr'><strong>quidem</strong></span> <span class='ocrx_word' id='word_1_243' title='bbox 2600 2791 2604 2797; x_wconf 14' lang='grc' dir='ltr'><em>Α</em></span> 
     </span>
     <span class='ocr_line' id='line_1_30' title="bbox 593 2796 2629 2892; baseline -0.001 -24"><span class='ocrx_word' id='word_1_244' title='bbox 593 2820 774 2868; x_wconf 79' lang='lat' dir='ltr'><strong>aucta</strong></span> <span class='ocrx_word' id='word_1_245' title='bbox 811 2821 965 2891; x_wconf 87' lang='lat' dir='ltr'><strong>pote</strong></span> <span class='ocrx_word' id='word_1_246' title='bbox 990 2796 1121 2885; x_wconf 47' lang='lat' dir='ltr'><strong>tas3³</strong></span> <span class='ocrx_word' id='word_1_247' title='bbox 1169 2808 1283 2869; x_wconf 92' lang='lat' dir='ltr'><strong>sed</strong></span> <span class='ocrx_word' id='word_1_248' title='bbox 1323 2808 1547 2869; x_wconf 89' lang='lat' dir='ltr'><strong>eadem</strong></span> <span class='ocrx_word' id='word_1_249' title='bbox 1586 2829 1783 2892; x_wconf 83' lang='lat' dir='ltr'><strong>opera</strong></span> <span class='ocrx_word' id='word_1_250' title='bbox 1824 2808 2103 2869; x_wconf 73' lang='lat' dir='ltr'><strong>salubus</strong></span> <span class='ocrx_word' id='word_1_251' title='bbox 2138 2820 2202 2867; x_wconf 88' lang='lat' dir='ltr'><strong>et</strong></span> <span class='ocrx_word' id='word_1_252' title='bbox 2243 2805 2566 2892; x_wconf 78' lang='lat' dir='ltr'><strong>relpubli-</strong></span> <span class='ocrx_word' id='word_1_253' title='bbox 2625 2859 2629 2877; x_wconf 91' lang='grc'>,</span> 
     </span>
     <span class='ocr_line' id='line_1_31' title="bbox 582 2886 2287 2972; baseline 0.001 -22"><span class='ocrx_word' id='word_1_254' title='bbox 582 2903 705 2952; x_wconf 79' lang='lat' dir='ltr'><strong>&#39;cae</strong></span> <span class='ocrx_word' id='word_1_255' title='bbox 736 2887 975 2953; x_wconf 88' lang='lat' dir='ltr'><strong>decora</strong></span> <span class='ocrx_word' id='word_1_256' title='bbox 1005 2890 1416 2953; x_wconf 88' lang='lat' dir='ltr'><strong>comitiorum</strong></span> <span class='ocrx_word' id='word_1_257' title='bbox 1451 2892 1768 2955; x_wconf 83' lang='lat' dir='ltr'><strong>severitas</strong></span> <span class='ocrx_word' id='word_1_258' title='bbox 1811 2889 2140 2972; x_wconf 81' lang='lat' dir='ltr'><strong>debilitata</strong></span> <span class='ocrx_word' id='word_1_259' title='bbox 2180 2886 2287 2951; x_wconf 78' lang='lat' dir='ltr'><strong>est.</strong></span> 
     </span>
    </p>
   </div>
   <div class='ocr_carea' id='block_1_5' title="bbox 232 3065 2608 3893">
    <p class='ocr_par' dir='ltr' id='par_1_18' title="bbox 705 3065 2566 3138">
     <span class='ocr_line' id='line_1_32' title="bbox 705 3065 2566 3138; baseline 0.001 -11"><span class='ocrx_word' id='word_1_260' title='bbox 705 3065 938 3127; x_wconf 83' lang='lat' dir='ltr'>XXIX.</span> <span class='ocrx_word' id='word_1_261' title='bbox 1052 3110 1067 3126; x_wconf 93' lang='lat'><strong>.</strong></span> <span class='ocrx_word' id='word_1_262' title='bbox 1116 3065 1477 3130; x_wconf 86' lang='lat' dir='ltr'><strong>Hortensio</strong></span> <span class='ocrx_word' id='word_1_263' title='bbox 1544 3065 1859 3138; x_wconf 76' lang='lat' dir='ltr'><strong>dictatore</strong></span> <span class='ocrx_word' id='word_1_264' title='bbox 1910 3078 2165 3126; x_wconf 88' lang='lat' dir='ltr'><strong>mortuo</strong></span> <span class='ocrx_word' id='word_1_265' title='bbox 2190 3108 2205 3138; x_wconf 91' lang='lat'>‚</span> <span class='ocrx_word' id='word_1_266' title='bbox 2274 3077 2566 3129; x_wconf 89' lang='lat' dir='ltr'><strong>creatum</strong></span> 
     </span>
    </p>

    <p class='ocr_par' dir='ltr' id='par_1_19' title="bbox 588 3143 2560 3234">
     <span class='ocr_line' id='line_1_33' title="bbox 588 3143 2560 3234; baseline 0.003 -30"><span class='ocrx_word' id='word_1_267' title='bbox 588 3144 779 3207; x_wconf 86' lang='lat' dir='ltr'><strong>alium</strong></span> <span class='ocrx_word' id='word_1_268' title='bbox 805 3189 822 3221; x_wconf 84' lang='lat'>‚</span> <span class='ocrx_word' id='word_1_269' title='bbox 872 3150 983 3232; x_wconf 85' lang='lat' dir='ltr'><strong>qui</strong></span> <span class='ocrx_word' id='word_1_270' title='bbox 1031 3170 1130 3214; x_wconf 82' lang='lat' dir='ltr'><strong>am</strong></span> <span class='ocrx_word' id='word_1_271' title='bbox 1159 3151 1458 3211; x_wconf 87' lang='lat' dir='ltr'><strong>auctores</strong></span> <span class='ocrx_word' id='word_1_272' title='bbox 1492 3162 1639 3209; x_wconf 90' lang='lat' dir='ltr'><strong>sunt</strong></span> <span class='ocrx_word' id='word_1_273' title='bbox 1668 3190 1685 3221; x_wconf 92' lang='lat'>‚</span> <span class='ocrx_word' id='word_1_274' title='bbox 1733 3148 1833 3210; x_wconf 88' lang='lat' dir='ltr'><strong>rei</strong></span> <span class='ocrx_word' id='word_1_275' title='bbox 1856 3146 2185 3229; x_wconf 83' lang='lat' dir='ltr'><strong>gerundae</strong></span> <span class='ocrx_word' id='word_1_276' title='bbox 2216 3148 2437 3220; x_wconf 78' lang='lat' dir='ltr'><strong>cauffa,</strong></span> <span class='ocrx_word' id='word_1_277' title='bbox 2470 3143 2560 3234; x_wconf 76' lang='lat' dir='ltr'><strong>Q.</strong></span> 
     </span>
    </p>

    <p class='ocr_par' dir='ltr' id='par_1_20' title="bbox 587 3226 2560 3311">
     <span class='ocr_line' id='line_1_34' title="bbox 587 3226 2560 3311; baseline 0.001 -22"><span class='ocrx_word' id='word_1_278' title='bbox 587 3226 856 3289; x_wconf 86' lang='lat' dir='ltr'><strong>Fabium</strong></span> <span class='ocrx_word' id='word_1_279' title='bbox 898 3231 1276 3304; x_wconf 84' lang='lat' dir='ltr'><strong>Maximum,</strong></span> <span class='ocrx_word' id='word_1_280' title='bbox 1326 3232 1505 3311; x_wconf 86' lang='lat' dir='ltr'><strong>cujus</strong></span> <span class='ocrx_word' id='word_1_281' title='bbox 1549 3230 1742 3291; x_wconf 84' lang='lat' dir='ltr'><strong>tertia</strong></span> <span class='ocrx_word' id='word_1_282' title='bbox 1786 3229 1944 3289; x_wconf 89' lang='lat' dir='ltr'><strong>baec</strong></span> <span class='ocrx_word' id='word_1_283' title='bbox 1969 3228 2304 3289; x_wconf 75' lang='lat' dir='ltr'><strong>dictatura</strong></span> <span class='ocrx_word' id='word_1_284' title='bbox 2332 3229 2560 3291; x_wconf 84' lang='lat' dir='ltr'><strong>suerit.</strong></span> 
     </span>
    </p>

    <p class='ocr_par' dir='ltr' id='par_1_21' title="bbox 329 3309 2566 3411">
     <span class='ocr_line' id='line_1_35' title="bbox 329 3309 2566 3411; baseline 0 -40"><span class='ocrx_word' id='word_1_285' title='bbox 329 3358 383 3411; x_wconf 73' lang='lat' dir='ltr'><em>B</em></span> <span class='ocrx_word' id='word_1_286' title='bbox 412 3359 459 3410; x_wconf 66' lang='lat' dir='ltr'><strong>u</strong></span> <span class='ocrx_word' id='word_1_287' title='bbox 589 3309 651 3371; x_wconf 89' lang='lat' dir='ltr'><strong>ei</strong></span> <span class='ocrx_word' id='word_1_288' title='bbox 679 3314 754 3372; x_wconf 84' lang='lat' dir='ltr'><strong>L.</strong></span> <span class='ocrx_word' id='word_1_289' title='bbox 778 3312 1162 3374; x_wconf 83' lang='lat' dir='ltr'><strong>Volumnius</strong></span> <span class='ocrx_word' id='word_1_290' title='bbox 1196 3315 1267 3374; x_wconf 89' lang='lat' dir='ltr'><strong>C.</strong></span> <span class='ocrx_word' id='word_1_291' title='bbox 1298 3315 1375 3373; x_wconf 91' lang='lat' dir='ltr'><strong>F.</strong></span> <span class='ocrx_word' id='word_1_292' title='bbox 1408 3317 1477 3375; x_wconf 92' lang='lat' dir='ltr'><strong>C.</strong></span> <span class='ocrx_word' id='word_1_293' title='bbox 1513 3318 1590 3375; x_wconf 89' lang='lat' dir='ltr'><strong>N.</strong></span> <span class='ocrx_word' id='word_1_294' title='bbox 1631 3312 1908 3392; x_wconf 78' lang='lat' dir='ltr'><strong>Flamma</strong></span> <span class='ocrx_word' id='word_1_295' title='bbox 1944 3310 2220 3374; x_wconf 78' lang='lat' dir='ltr'><strong>Violens</strong></span> <span class='ocrx_word' id='word_1_296' title='bbox 2261 3309 2566 3391; x_wconf 82' lang='lat' dir='ltr'><strong>magister</strong></span> 
     </span>
    </p>

    <p class='ocr_par' dir='ltr' id='par_1_22' title="bbox 302 3376 2566 3480">
     <span class='ocr_line' id='line_1_36' title="bbox 302 3376 2566 3480; baseline 0 -25"><span class='ocrx_word' id='word_1_297' title='bbox 302 3376 560 3480; x_wconf 52' lang='lat' dir='ltr'><strong>exliauur&#39;l&#39;t</strong></span> <span class='ocrx_word' id='word_1_298' title='bbox 589 3393 876 3475; x_wconf 86' lang='lat' dir='ltr'><strong>equitum</strong></span> <span class='ocrx_word' id='word_1_299' title='bbox 899 3392 1083 3461; x_wconf 83' lang='lat' dir='ltr'><strong>fuisse</strong></span> <span class='ocrx_word' id='word_1_300' title='bbox 1110 3394 1369 3458; x_wconf 81' lang='lat' dir='ltr'><strong>dicitur.</strong></span> <span class='ocrx_word' id='word_1_301' title='bbox 1419 3395 1672 3456; x_wconf 89' lang='lat' dir='ltr'><strong>Bellum</strong></span> <span class='ocrx_word' id='word_1_302' title='bbox 1708 3393 1880 3460; x_wconf 86' lang='lat' dir='ltr'><strong>enim</strong></span> <span class='ocrx_word' id='word_1_303' title='bbox 1912 3395 1986 3454; x_wconf 74' lang='lat' dir='ltr'><strong>ea</strong></span> <span class='ocrx_word' id='word_1_304' title='bbox 2014 3391 2382 3476; x_wconf 84' lang='lat' dir='ltr'><strong>tempestate</strong></span> <span class='ocrx_word' id='word_1_305' title='bbox 2413 3407 2566 3459; x_wconf 77' lang='lat' dir='ltr'><strong>cum</strong></span> 
     </span>
    </p>

    <p class='ocr_par' dir='ltr' id='par_1_23' title="bbox 288 3473 2565 3558">
     <span class='ocr_line' id='line_1_37' title="bbox 288 3473 2565 3558; baseline 0 -21"><span class='ocrx_word' id='word_1_306' title='bbox 288 3491 561 3557; x_wconf 57' lang='lat' dir='ltr'><strong>seminam</strong></span> <span class='ocrx_word' id='word_1_307' title='bbox 586 3474 1116 3540; x_wconf 84' lang='lat' dir='ltr'><strong>Volsiniensibus</strong></span> <span class='ocrx_word' id='word_1_308' title='bbox 1157 3491 1328 3549; x_wconf 86' lang='lat' dir='ltr'><strong>erat,</strong></span> <span class='ocrx_word' id='word_1_309' title='bbox 1391 3481 1665 3541; x_wconf 85' lang='lat' dir='ltr'><strong>Etrusca</strong></span> <span class='ocrx_word' id='word_1_310' title='bbox 1698 3488 1912 3558; x_wconf 83' lang='lat' dir='ltr'><strong>gente.</strong></span> <span class='ocrx_word' id='word_1_311' title='bbox 2011 3473 2096 3533; x_wconf 84' lang='lat' dir='ltr'><strong>id·</strong></span> <span class='ocrx_word' id='word_1_312' title='bbox 2121 3490 2565 3558; x_wconf 84' lang='lat' dir='ltr'><strong>opportunum</strong></span> 
     </span>
    </p>

    <p class='ocr_par' dir='ltr' id='par_1_24' title="bbox 232 3553 2608 3728">
     <span class='ocr_line' id='line_1_38' title="bbox 232 3553 2564 3642; baseline 0.003 -28"><span class='ocrx_word' id='word_1_313' title='bbox 232 3593 239 3598; x_wconf 78' lang='lat'><em>·</em></span> <span class='ocrx_word' id='word_1_314' title='bbox 295 3566 536 3619; x_wconf 79' lang='lat' dir='ltr'><strong>urbium.</strong></span> <span class='ocrx_word' id='word_1_315' title='bbox 585 3557 744 3628; x_wconf 82' lang='lat' dir='ltr'><strong>suit,</strong></span> <span class='ocrx_word' id='word_1_316' title='bbox 809 3558 888 3619; x_wconf 85' lang='lat' dir='ltr'><strong>ad</strong></span> <span class='ocrx_word' id='word_1_317' title='bbox 925 3557 1429 3623; x_wconf 80' lang='lat' dir='ltr'><strong>exhauriendum</strong></span> <span class='ocrx_word' id='word_1_318' title='bbox 1521 3558 1789 3642; x_wconf 87' lang='lat' dir='ltr'><strong>uidquid</strong></span> <span class='ocrx_word' id='word_1_319' title='bbox 1818 3558 1885 3618; x_wconf 90' lang='lat' dir='ltr'><strong>in</strong></span> <span class='ocrx_word' id='word_1_320' title='bbox 1927 3556 2090 3620; x_wconf 87' lang='lat' dir='ltr'><strong>urbe</strong></span> <span class='ocrx_word' id='word_1_321' title='bbox 2127 3553 2315 3618; x_wconf 49' lang='lat' dir='ltr'><strong>noris</strong></span> <span class='ocrx_word' id='word_1_322' title='bbox 2359 3560 2564 3641; x_wconf 78' lang='lat' dir='ltr'><strong>rebus</strong></span> 
     </span>
     <span class='ocr_line' id='line_1_39' title="bbox 585 3638 2608 3728; baseline 0.004 -31"><span class='ocrx_word' id='word_1_323' title='bbox 585 3660 900 3728; x_wconf 74' lang='lat' dir='ltr'><strong>pronum,</strong></span> <span class='ocrx_word' id='word_1_324' title='bbox 924 3663 1018 3705; x_wconf 77' lang='lat' dir='ltr'><strong>ac</strong></span> <span class='ocrx_word' id='word_1_325' title='bbox 1056 3641 1419 3723; x_wconf 85' lang='lat' dir='ltr'><strong>superioris</strong></span> <span class='ocrx_word' id='word_1_326' title='bbox 1513 3638 1835 3701; x_wconf 84' lang='lat' dir='ltr'><strong>1scordiae</strong></span> <span class='ocrx_word' id='word_1_327' title='bbox 1876 3640 2143 3702; x_wconf 86' lang='lat' dir='ltr'><strong>nimium</strong></span> <span class='ocrx_word' id='word_1_328' title='bbox 2174 3660 2420 3701; x_wconf 88' lang='lat' dir='ltr'><strong>memor</strong></span> <span class='ocrx_word' id='word_1_329' title='bbox 2451 3643 2563 3706; x_wconf 76' lang='lat' dir='ltr'><strong>es-</strong></span> <span class='ocrx_word' id='word_1_330' title='bbox 2599 3639 2608 3644; x_wconf 58' lang='grc'><em>“</em></span> 
     </span>
    </p>

    <p class='ocr_par' dir='ltr' id='par_1_25' title="bbox 518 3722 2563 3790">
     <span class='ocr_line' id='line_1_40' title="bbox 518 3722 2563 3790; baseline 0.004 -9"><span class='ocrx_word' id='word_1_331' title='bbox 518 3725 519 3734; x_wconf 76' lang='grc'>’</span> <span class='ocrx_word' id='word_1_332' title='bbox 588 3726 733 3784; x_wconf 61' lang='lat' dir='ltr'><strong>set.</strong></span> <span class='ocrx_word' id='word_1_333' title='bbox 796 3724 1077 3790; x_wconf 70' lang='lat' dir='ltr'><strong>Accessit</strong></span> <span class='ocrx_word' id='word_1_334' title='bbox 1110 3724 1305 3790; x_wconf 86' lang='lat' dir='ltr'><strong>etiam</strong></span> <span class='ocrx_word' id='word_1_335' title='bbox 1336 3745 1502 3786; x_wconf 85' lang='lat' dir='ltr'><strong>nova</strong></span> <span class='ocrx_word' id='word_1_336' title='bbox 1531 3722 1816 3785; x_wconf 85' lang='lat' dir='ltr'><strong>bellandi</strong></span> <span class='ocrx_word' id='word_1_337' title='bbox 1838 3745 1982 3785; x_wconf 88' lang='lat' dir='ltr'><strong>cum</strong></span> <span class='ocrx_word' id='word_1_338' title='bbox 2011 3723 2289 3783; x_wconf 87' lang='lat' dir='ltr'><strong>Lucanis</strong></span> <span class='ocrx_word' id='word_1_339' title='bbox 2315 3725 2520 3786; x_wconf 85' lang='lat' dir='ltr'><strong>causs&#39;a</strong></span> <span class='ocrx_word' id='word_1_340' title='bbox 2541 3747 2563 3789; x_wconf 72' lang='lat' dir='ltr'><strong>t</strong></span> 
     </span>
    </p>

    <p class='ocr_par' dir='ltr' id='par_1_26' title="bbox 250 3797 2567 3893">
     <span class='ocr_line' id='line_1_41' title="bbox 250 3797 2567 3893; baseline -0 -24"><span class='ocrx_word' id='word_1_341' title='bbox 250 3809 469 3871; x_wconf 61' lang='lat' dir='ltr'><strong>Thurini</strong></span> <span class='ocrx_word' id='word_1_342' title='bbox 485 3816 558 3871; x_wconf 75' lang='lat' dir='ltr'><strong>ad</strong></span> <span class='ocrx_word' id='word_1_343' title='bbox 587 3806 695 3891; x_wconf 86' lang='lat' dir='ltr'><strong>qui</strong></span> <span class='ocrx_word' id='word_1_344' title='bbox 724 3804 1053 3871; x_wconf 82' lang='lat' dir='ltr'><strong>Thurinos</strong></span> <span class='ocrx_word' id='word_1_345' title='bbox 1073 3853 1091 3884; x_wconf 90' lang='lat'>,</span> <span class='ocrx_word' id='word_1_346' title='bbox 1134 3810 1351 3873; x_wconf 83' lang='lat' dir='ltr'><strong>Italiae</strong></span> <span class='ocrx_word' id='word_1_347' title='bbox 1372 3797 1409 3883; x_wconf 66' lang='lat'><strong>,&#39;</strong></span> <span class='ocrx_word' id='word_1_348' title='bbox 1436 3830 1561 3893; x_wconf 86' lang='lat' dir='ltr'><strong>qua</strong></span> <span class='ocrx_word' id='word_1_349' title='bbox 1599 3827 1825 3890; x_wconf 82' lang='lat' dir='ltr'><strong>magna</strong></span> <span class='ocrx_word' id='word_1_350' title='bbox 1853 3804 2126 3869; x_wconf 75' lang='lat' dir='ltr'><strong>Graecia</strong></span> <span class='ocrx_word' id='word_1_351' title='bbox 2159 3803 2244 3868; x_wconf 81' lang='lat' dir='ltr'><strong>est</strong></span> <span class='ocrx_word' id='word_1_352' title='bbox 2265 3848 2281 3879; x_wconf 92' lang='lat'>‚</span> <span class='ocrx_word' id='word_1_353' title='bbox 2329 3806 2567 3868; x_wconf 82' lang='lat' dir='ltr'><strong>civita-</strong></span> 
     </span>
    </p>
   </div>
   <div class='ocr_carea' id='block_1_6' title="bbox 430 3956 2598 4242">
    <p class='ocr_par' dir='ltr' id='par_1_27' title="bbox 430 3956 2598 4242">
     <span class='ocr_line' id='line_1_42' title="bbox 652 3956 2562 4035; baseline 0.002 -24"><span class='ocrx_word' id='word_1_354' title='bbox 652 3957 797 4029; x_wconf 85' lang='lat' dir='ltr'><strong>Cap.</strong></span> <span class='ocrx_word' id='word_1_355' title='bbox 819 3961 1054 4015; x_wconf 80' lang='lat' dir='ltr'><strong>xxvn.</strong></span> <span class='ocrx_word' id='word_1_356' title='bbox 1090 3960 1220 4016; x_wconf 80' lang='lat' dir='ltr'><strong>Liv.</strong></span> <span class='ocrx_word' id='word_1_357' title='bbox 1237 3958 1293 4027; x_wconf 85' lang='lat'><strong>8,</strong></span> <span class='ocrx_word' id='word_1_358' title='bbox 1315 3972 1402 4020; x_wconf 78' lang='lat'><strong>12·</strong></span> <span class='ocrx_word' id='word_1_359' title='bbox 1440 3957 1594 4013; x_wconf 87' lang='lat' dir='ltr'><strong>Plin.</strong></span> <span class='ocrx_word' id='word_1_360' title='bbox 1621 3959 1700 4023; x_wconf 80' lang='lat'><strong>16,</strong></span> <span class='ocrx_word' id='word_1_361' title='bbox 1726 3975 1808 4013; x_wconf 78' lang='grc' dir='ltr'><strong>ιο.</strong></span> <span class='ocrx_word' id='word_1_362' title='bbox 1848 3956 2150 4014; x_wconf 59' lang='grc' dir='ltr'><strong>ΑΒεΙΙίιίε</strong></span> <span class='ocrx_word' id='word_1_363' title='bbox 2176 3963 2254 4028; x_wconf 80' lang='lat'><strong>15,</strong></span> <span class='ocrx_word' id='word_1_364' title='bbox 2276 3978 2363 4026; x_wconf 74' lang='lat'><strong>⁶27.</strong></span> <span class='ocrx_word' id='word_1_365' title='bbox 2402 3960 2562 4035; x_wconf 81' lang='lat' dir='ltr'><strong>Aug.</strong></span> 
     </span>
     <span class='ocr_line' id='line_1_43' title="bbox 430 4024 2598 4103; baseline 0.006 -25"><span class='ocrx_word' id='word_1_366' title='bbox 430 4071 473 4088; x_wconf 37' lang='grc' dir='ltr'>χ</span> <span class='ocrx_word' id='word_1_367' title='bbox 583 4024 654 4079; x_wconf 87' lang='lat' dir='ltr'><strong>de</strong></span> <span class='ocrx_word' id='word_1_368' title='bbox 676 4028 853 4084; x_wconf 78' lang='lat' dir='ltr'><strong>civit.</strong></span> <span class='ocrx_word' id='word_1_369' title='bbox 876 4028 986 4081; x_wconf 87' lang='lat' dir='ltr'><strong>Dei</strong></span> <span class='ocrx_word' id='word_1_370' title='bbox 1006 4030 1058 4096; x_wconf 72' lang='lat'><strong>3,</strong></span> <span class='ocrx_word' id='word_1_371' title='bbox 1086 4047 1172 4097; x_wconf 85' lang='lat'><strong>¹7·</strong></span> <span class='ocrx_word' id='word_1_372' title='bbox 1245 4030 1393 4103; x_wconf 84' lang='lat' dir='ltr'><strong>Cap.</strong></span> <span class='ocrx_word' id='word_1_373' title='bbox 1416 4028 1676 4084; x_wconf 75' lang='lat' dir='ltr'><strong>XXVIII.</strong></span> <span class='ocrx_word' id='word_1_374' title='bbox 1717 4026 1844 4082; x_wconf 87' lang='lat' dir='ltr'><strong>Liv.</strong></span> <span class='ocrx_word' id='word_1_375' title='bbox 1875 4052 1920 4092; x_wconf 77' lang='grc' dir='ltr'><strong>ι,</strong></span> <span class='ocrx_word' id='word_1_376' title='bbox 1950 4048 2030 4093; x_wconf 89' lang='lat'><strong>17.</strong></span> <span class='ocrx_word' id='word_1_377' title='bbox 2076 4030 2197 4086; x_wconf 86' lang='lat' dir='ltr'><strong>Cic.</strong></span> <span class='ocrx_word' id='word_1_378' title='bbox 2219 4047 2331 4102; x_wconf 85' lang='lat' dir='ltr'><strong>pro</strong></span> <span class='ocrx_word' id='word_1_379' title='bbox 2353 4031 2562 4090; x_wconf 79' lang='lat' dir='ltr'><strong>Plano.</strong></span> <span class='ocrx_word' id='word_1_380' title='bbox 2589 4092 2598 4097; x_wconf 75' lang='grc'><strong>,</strong></span> 
     </span>
     <span class='ocr_line' id='line_1_44' title="bbox 582 4096 2561 4174; baseline 0.007 -27"><span class='ocrx_word' id='word_1_381' title='bbox 582 4112 633 4148; x_wconf 78' lang='lat' dir='ltr'><strong>e.</strong></span> <span class='ocrx_word' id='word_1_382' title='bbox 655 4096 709 4151; x_wconf 81' lang='lat'><strong>3.</strong></span> <span class='ocrx_word' id='word_1_383' title='bbox 753 4098 876 4174; x_wconf 79' lang='lat' dir='ltr'><strong>Cic.</strong></span> <span class='ocrx_word' id='word_1_384' title='bbox 900 4097 958 4149; x_wconf 78' lang='lat' dir='ltr'><strong>in</strong></span> <span class='ocrx_word' id='word_1_385' title='bbox 978 4099 1185 4166; x_wconf 83' lang='lat' dir='ltr'><strong>Bruto,</strong></span> <span class='ocrx_word' id='word_1_386' title='bbox 1205 4118 1260 4154; x_wconf 90' lang='lat' dir='ltr'><strong>e.</strong></span> <span class='ocrx_word' id='word_1_387' title='bbox 1285 4107 1372 4168; x_wconf 74' lang='lat'><strong>14.</strong></span> <span class='ocrx_word' id='word_1_388' title='bbox 1446 4099 1600 4173; x_wconf 55' lang='lat' dir='ltr'><strong>Cap.</strong></span> <span class='ocrx_word' id='word_1_389' title='bbox 1613 4100 1810 4156; x_wconf 77' lang='lat' dir='ltr'>XXIX.</span> <span class='ocrx_word' id='word_1_390' title='bbox 1850 4097 2015 4172; x_wconf 80' lang='lat' dir='ltr'><strong>Pigh.</strong></span> <span class='ocrx_word' id='word_1_391' title='bbox 2051 4099 2110 4154; x_wconf 88' lang='lat' dir='ltr'><strong>in</strong></span> <span class='ocrx_word' id='word_1_392' title='bbox 2142 4100 2352 4159; x_wconf 73' lang='lat' dir='ltr'><strong>Annal.</strong></span> <span class='ocrx_word' id='word_1_393' title='bbox 2382 4102 2561 4159; x_wconf 82' lang='lat' dir='ltr'><strong>Rom.</strong></span> 
     </span>
     <span class='ocr_line' id='line_1_45' title="bbox 506 4168 1809 4242; baseline 0.009 -22"><span class='ocrx_word' id='word_1_394' title='bbox 506 4201 515 4208; x_wconf 78' lang='lat'>·</span> <span class='ocrx_word' id='word_1_395' title='bbox 581 4183 733 4221; x_wconf 86' lang='lat' dir='ltr'><strong>anno</strong></span> <span class='ocrx_word' id='word_1_396' title='bbox 755 4171 878 4236; x_wconf 60' lang='lat'><strong>44³6.</strong></span> <span class='ocrx_word' id='word_1_397' title='bbox 915 4168 1043 4224; x_wconf 82' lang='lat' dir='ltr'><strong>Liv.</strong></span> <span class='ocrx_word' id='word_1_398' title='bbox 1066 4168 1225 4242; x_wconf 77' lang='lat' dir='ltr'><strong>Epit.</strong></span> <span class='ocrx_word' id='word_1_399' title='bbox 1255 4188 1339 4226; x_wconf 82' lang='grc' dir='ltr'><strong>ιι.</strong></span> <span class='ocrx_word' id='word_1_400' title='bbox 1803 4225 1809 4232; x_wconf 91' lang='grc'>.</span> 
     </span>
    </p>
   </div>
  </div>
 </body>
</html>
