2717 4659
211 922 224 933 ⁸
290 909 589 980 remtenbh'-

629 194 740 242 ιω
792 176 1351 245 szmsm'fflu
1386 175 2204 242 SUPPLEMENTORUM
2229 179 2376 249 Lm.
2395 179 2513 248 W.

622 442 628 450 .
741 386 854 454 Vl.
900 387 1172 450 Ceteros
1225 384 1505 448 civitatis
1551 405 1768 447 mores
1814 385 2196 472 plerumque
2252 407 2573 450 commer-

622 469 875 532 ciorum
920 468 1164 531 utilitas
1209 466 1661 528 moderabatur
1679 488 1705 529 ε·
1765 466 2001 551 quibus
2044 489 2206 555 gens
2226 482 2474 531 «natura
2503 484 2575 532 et

625 550 934 631 majorum
970 548 1250 613 instituto
1272 547 1674 621 deditiffima‚
1719 548 2005 632 prudens
2034 549 2411 635 imprudens
2431 572 2578 612 om-

342 633 585 688 Dt‘m‘tiae-
621 653 747 695 nes
798 651 943 694 suas
996 631 1281 693 rationes
1329 627 1713 712 confiliaque
1761 631 2296 694 accommodabat.
2398 628 2581 695 Hinc

289 706 605 784 “²2⁶⁶‘'ss
630 712 988 776 inevitabili
1021 711 1187 773 malo
1210 752 1227 784 ,
1296 709 1669 773 divitiarum
1700 710 2039 774 admiratio
2076 712 2419 799 honosque
2459 734 2581 776 co-

292 785 433 825 ”m
462 789 606 852 .⁶⁰''‘
628 795 807 857 mitia
847 808 1039 856 corru
1088 793 1141 855 it
1176 789 1682 875 magistratuumz
1738 793 2044 856 virtutem
2070 795 2392 891 pecuniae
2422 796 2584 856 sub·

290 855 496 911 ’'my'‘
627 876 859 958 jectam
900 874 1047 937 deb‘
1080 874 1297 937 itavit:
1359 874 1668 958 populum
1705 872 2118 938 inflammant
2154 897 2195 938 o
2241 898 2349 938 um
2390 878 2584 961 cupi-

294 996 433 1035 um,
631 956 868 1031 ditate,
927 955 1352 1039 fraudumque
1380 968 1469 1016 -et
1511 955 1991 1017 mendaciorum
2029 960 2202 1020 servi
2232 958 2257 1018 i
2296 978 2583 1021 consue-

628 1037 855 1101 tudine
884 1037 1151 1109 infecitt
1193 1056 1462 1122 remque
1495 1037 1814 1121 publicam
1845 1035 2069 1099 harum
2098 1058 2317 1101 rerum
2350 1061 2420 1101 se
2449 1038 2586 1100 stu·-

632 1118 742 1183 dio
775 1133 974 1183 totam
1007 1118 1267 1183 tradere
1310 1139 1454 1180 com
1501 1117 1641 1193 ulit.
1725 1118 1881 1180 Inde
1912 1121 2082 1181 enim
2115 1123 2458 1205 process'it,
2507 1135 2591 1184 ut

627 1222 842 1285 neque
883 1199 1036 1264 fidei
1065 1201 1332 1263 multum
1370 1201 1437 1261 in
1522 1200 1730 1262 unicis
1771 1198 2148 1264 foederibus
2171 1244 2188 1277 ‚
2234 1216 2301 1264 et
2335 1203 2585 1265 virium

675 1283 1030 1347 ublicarum
1064 1283 1258 1367 longe
1293 1282 1560 1343 maxima
1596 1303 1746 1365 pars
1785 1281 1852 1342 in
1888 1282 2185 1347 clastibus
2222 1285 2412 1347 effetz
2454 1304 2586 1379 pe-

627 1307 857 1427 Eestris
892 1364 1121 1426 militia
1143 1406 1161 1438 ‚
1225 1364 1429 1425 robur
1464 1377 1653 1444 atque
1693 1360 2161 1427 firmamentum
2198 1366 2407 1428 omnis
2454 1386 2586 1426 im-

627 1447 835 1530 perii,
898 1446 1116 1518 nullo,
1190 1442 1502 1528 equestris
1564 1443 1819 1506 modico
1866 1445 1935 1505 in
1983 1444 2234 1509 honore
2281 1467 2586 1530 usuque=

629 1527 888 1611 quoties
905 1540 1092 1591 ‚terra
1125 1525 1523 1598 bellandum,
1567 1526 1986 1588 mercenariis
2015 1527 2228 1610 copiis
2249 1547 2358 1590 res
2383 1547 2587 1611 gere-

625 1622 852 1687 retur3
918 1629 1184 1692 quarum
1232 1622 1443 1691 neque
1486 1606 1761 1669 charitas
1807 1608 1932 1668 ulla
1971 1607 2040 1669 in
2086 1609 2584 1693 rempublicam,

628 1703 697 1752 et
728 1687 890 1754 fides
925 1690 1174 1753 venalis
1197 1732 1215 1764 ,
1277 1702 1342 1751 et
1382 1687 1711 1750 discordia
1737 1685 1992 1751 molesta
2011 1732 2030 1763 ‚
2084 1703 2151 1753 et
2182 1689 2589 1786 conspiratio

577 1800 586 1810 ·
626 1773 950 1835 terribilis
972 1773 1129 1834 effet
1156 1792 1173 1832 ε
1219 1770 1382 1832 adeo
1404 1770 1662 1853 capitali
1683 1787 1912 1832 errore
1931 1812 1949 1843 ‚
1993 1785 2066 1832 ut
2097 1792 2230 1834 non
2264 1772 2429 1833 alius
2456 1771 2592 1834 ho—

627 1851 773 1928 stis,
822 1863 967 1916 ante
1000 1853 1293 1915 ultimum
1323 1853 1665 1923 excidium,
1706 1873 1843 1914 rem
1879 1853 2188 1915 Punicam
2214 1866 2344 1915 tam
2363 1874 2591 1938 prope

305 1963 602 2032 Magistra,
630 1936 712 2017 ad
763 1949 1112 1998 extremam
1167 1933 1684 2019 desperationem
1736 1932 2095 1995 adduxerit.
2177 1938 2404 2018 Neque
2457 1936 2593 1995 mi-

292 2045 601 2103 tuumpecu-
630 2038 755 2079 nor
786 2038 867 2080 ex
904 2038 983 2079 eo
1026 2016 1340 2083 malorum
1378 2036 1567 2100 seges
1589 2056 1607 2088 ‚
1667 2015 1844 2098 quod
1873 2052 1890 2087 ‚
1947 2015 2058 2112 qui
2095 2016 2160 2076 in
2199 2013 2590 2099 magistrati-

292 2102 462 2159 tatus.
629 2101 750 2163 bus
789 2113 858 2162 et
907 2095 1347 2160 curationibus
1391 2111 1606 2168 erant,
1669 2110 1883 2157 mutua
1925 2095 2423 2158 diffimulatione
2456 2116 2590 2180 pe-

632 2182 907 2243 culatum
938 2181 1199 2262 impune
1234 2179 1652 2241 exercebant:
1695 2189 1766 2238 ut
1796 2177 1894 2238 sic
1923 2197 2182 2261 quoque
2211 2177 2423 2239 minus
2453 2178 2589 2240 mi-

628 2261 900 2325 randum
936 2262 1062 2323 effe
1117 2259 1450 2332 videatur,
1514 2261 1601 2332 si,
1666 2258 1840 2320 bello
1891 2258 2065 2321 inter
2110 2258 2224 2320 has
2276 2258 2589 2322 civitates

630 2358 858 2406 exorto
880 2386 896 2416 ,
944 2340 1320 2427 superiores
1357 2340 1630 2430 Romani
1663 2339 1967 2418 fuerunt3
2013 2361 2287 2425 quorum
2319 2353 2590 2402 senato-

630 2446 739 2487 res
772 2423 954 2486 duris
986 2423 1391 2507 temporibus
1430 2442 1603 2484 suam
1631 2421 1967 2505 pecuniam
1987 2422 2049 2482 in
2071 2421 2402 2505 publicum
2421 2441 2590 2483 con-

630 2506 963 2580 ferebant,
1025 2525 1220 2589 quum
1266 2502 1823 2588 Carthaginienses
1871 2503 2336 2589 rempublicam
2375 2502 2591 2566 habe-

632 2603 782 2651 rent
810 2584 1111 2674 quaestui.

751 2738 892 2805 V11.
938 2736 1071 2799 Sed
1114 2735 1275 2798 haec
1325 2735 1486 2799 vitia
1531 2755 1677 2797 cum
1727 2734 1862 2818 ipsa
1902 2735 2076 2798 urbe
2125 2734 2586 2800 adoleverunt.

618 2818 834 2902 'quare
866 2818 1145 2904 primum
1175 2817 1435 2902 quidem
1453 2861 1470 2890 ‚
1516 2831 1588 2878 ut
1615 2816 1867 2880 infirma
1904 2812 2264 2891 armonica,
2309 2838 2444 2881 non
2468 2839 2593 2884 ae-

322 2924 612 2997 ςῑημιμή
629 2900 753 2986 'gre
780 2902 1257 2963 tolerabantur:
1298 2896 1438 2984 post
1459 2897 1849 2982 aliquamdiu
1886 2898 2196 2964 sustinere
2215 2898 2431 2983 potuit
2457 2899 2592 2960 im-

296 2999 498 3050 virtum
513 2996 611 3047 du·
634 2984 805 3068 perii
835 2981 1203 3066 magnitudo
1225 3024 1242 3057 ,
1313 2994 1382 3043 et
1417 2982 1674 3066 quidam
1719 2981 1819 3047 sin
1912 2982 2030 3042 lari
2069 2981 2309 3045 virtute
2348 2980 2590 3056 duces,

296 3081 399 3120 ees.
636 3085 908 3149 quorum
940 3064 1207 3125 maxime
1239 3083 1476 3147 opera,
1540 3062 1809 3160 quidqui
1894 3062 2229 3126 felicitatis
2255 3060 2593 3146 Carthago

633 3145 854 3214 habuit
877 3190 894 3220 ,
958 3159 1391 3229 comparatum
1425 3143 1888 3230 stabilitumque
1921 3164 2064 3207 com
2106 3145 2278 3213 erio.
2344 3142 2475 3206 Sed
2504 3145 2595 3207 ab

636 3228 824 3289 initio
864 3226 1125 3312 quidem
1170 3226 1475 3288 adversus
1519 3226 1719 3288 Afros
1741 3271 1758 3301 ‚
1813 3226 2069 3309 ·vectiga
2100 3216 2107 3245 ¹
2132 3246 2258 3321 pro
2292 3224 2435 3285 solo
2468 3247 2594 3285 ur..

635 3308 739 3370 bis
782 3307 1231 3392 reposcentes,
1291 3308 1660 3370 dimicatum
1695 3308 1825 3371 esst.
1891 3308 2090 3390 idque
2124 3328 2227 3390 Jus
2266 3326 2399 3369 non
2446 3307 2593 3369 nisi

314 3406 614 3463 Benna-ar-
638 3391 936 3476 repetitis
969 3389 1163 3452 bellis
1208 3404 1548 3469 extortum.
1617 3391 1771 3453 inde
1809 3392 2125 3474 prolatum
2156 3389 2348 3450 etiam
2371 3387 2597 3472 impe-

300 3480 602 3548 maginien-
638 3473 845 3534 riumz
887 3472 1277 3556 Africaeque
1357 3494 1461 3534 ars
1496 3471 1829 3534 cultimma
1866 3469 2329 3534 subditionem
2352 3472 2600 3552 populi

303 3550 467 3603 δὴ·
641 3551 1174 3637 Carthaginienfis
1220 3574 1292 3614 re
1341 3568 1499 3616 acta.
1582 3557 1652 3615 In
1686 3553 2046 3618 Sardiniam
2077 3566 2311 3626 autem,
2340 3552 2597 3614 deinde

642 3636 932 3705 Siciliam
962 3651 1035 3698 ut
1066 3635 1498 3716 trajiceretur,
1540 3637 1736 3698 maris
1777 3658 1815 3698 o
1862 3634 2224 3720 portunitas
2249 3676 2266 3708 ‚
2310 3647 2376 3699 et
2401 3634 2595 3696 illius

640 3717 881 3793 insulae
913 3718 1095 3780 rudis
1127 3717 1207 3778 ad
1236 3715 1658 3779 resistendum
1686 3659 2020 3780 bargaries
2044 3757 2062 3788 ‚
2105 3714 2293 3799 hujus
2330 3715 2413 3776 ob
2444 3714 2595 3776 dis..

640 3802 898 3865 cordias
944 3814 1289 3885 perpetuas
1331 3801 1772 3885 potentiorum
1813 3794 2066 3880 injuriis
2104 3798 2400 3881 exposita
2434 3801 2597 3882 pul-

659 3992 664 3997 -
710 3958 857 4030 Gap.
877 3959 982 4014 VI.
1021 3958 1145 4014 Cic.
1165 3959 1226 4013 in
1241 3957 1570 4025 Rull.2,35.
1605 3959 1811 4030 Polyb.
1831 3960 1988 4026 6‚5o.
2036 3957 2241 4027 Polyb.
2265 3977 2310 4025 1,
2330 3958 2421 4027 67.
2467 3959 2595 4014 Po.

640 4027 762 4098 lyb.
784 4033 933 4096 μω.
989 4031 1174 4084 Corn.
1193 4032 1390 4102 Nepos
1407 4029 1469 4082 in
1483 4028 1794 4084 Amilcare.
1843 4030 1970 4084 Liv-
1990 4021 2078 4097 38,
2093 4031 2181 4098 46.
2234 4030 2360 4084 Liv.
2384 4030 2474 4097 26,
2492 4029 2597 4087 36-

642 4101 789 4174 Gap.
808 4101 942 4159 VII.
980 4101 1177 4156 Justin.
1203 4115 1349 4169 ²9⁹1·
1386 4097 1584 4156 Junin.
1605 4114 1758 4169 1'9‚a·
