2717 4659
569 194 658 268 'm
697 201 1008 267 Locum*
1033 156 1395 267 Lmsxvl.
1436 204 1660 271 mvn.
1955 199 2067 281 137

176 425 290 472 tuna
315 406 577 492 proelii,
640 392 1034 495 magnusque
1074 406 1315 473 eorum'
1341 431 1645 474 numerus
1696 410 1912 473 caesus
1942 407 2063 471 est:
2123 406 2400 475 Uoeuisso·

79 510 80 513 ’
176 491 367 572 reliqui
394 491 474 551 ad
507 490 701 554 castra
722 533 740 564 ,
784 513 933 575 pars
955 535 971 564 ,
1015 506 1087 553 ut
1124 494 1356 577 cuique
1403 493 1671 554 maxime
1699 505 2062 576 promptum
2087 480 2296 557 P,¹'⁰⁴'¹¹⁰
2313 498 2427 530 νυ·-

79 574 82 579 ’
177 584 297 645 erat,
330 571 392 631 in
410 571 604 635 urbes
636 572 1079 650 circumjectas
1116 573 1460 657 diffugere,
1501 595 1713 670 neque
1733 573 2063 656 deinceps,

2090 556 2206 609 czt.‚

173 652 421 735 quamdiu
448 656 764 716 Mess'anae
800 655 1102 717 Claudius
1137 655 1293 728 suit,
1339 654 1554 717 castris
1580 677 1714 716 suis
1747 652 2064 717 excedere

175 746 285 794 sunt
303 734 451 795 ausi.
531 737 765 797 Consul
794 735 1021 809 etiam,
1085 756 1228 798 eum
1260 752 1482 798 natura
1516 737 1644 798 loci
1680 750 1746 797 et
1781 734 2066 797 difficul-

77 846 78 849 ¹
172 827 266 875 tate
306 814 459 876 situs
506 817 739 879 iterato
780 837 1069 901 pugnare
1102 818 1366 879 minime
1414 818 1766 880 consultum
1795 817 2063 878 arbitra-

173 907 273 967 tus,
321 917 510 979 quum
537 912 791 983 tempus
833 898 925 959 ibi
957 898 1186 960 frustra
1219 913 1438 962 terere
1469 899 1756 970 videret,
1817 900 2064 983 praesi-

171 974 250 1037 dio
276 979 577 1042 Mess'anae
616 979 847 1042 relicto
872 1022 888 1050 ,
955 979 1024 1040 in
1053 979 1582 1062 Syracusanorum
1612 981 2066 1064 sociorumque

169 1054 292 1118 fines
325 1058 801 1143 impreffionem
839 1061 1034 1122 fecit:
1091 1062 1302 1147 iisque
1336 1064 1597 1146 impune
1627 1060 1896 1135 vastatis,
1925 1075 2064 1122 tan-

166 1149 266 1199 tum
291 1143 583 1225 concepit
610 1140 882 1204 fiduciae
901 1184 918 1216 ,
964 1155 1033 1203 ut
1046 1143 1184 1223 ,jam
1216 1144 1294 1204 ad
1316 1143 1484 1225 ipsas
1519 1142 1851 1226 Syracusas
1877 1162 2064 1205 exer-

166 1218 322 1279 citum
359 1221 626 1286 auderet
662 1224 1030 1287 admovere.
1107 1225 1304 1289 Varia
1337 1225 1429 1286 ibi
1460 1224 1718 1286 fortuna
1753 1237 2065 1286 certatum

167 1296 258 1360 est:
307 1303 497 1365 semel
534 1305 723 1366 etiam
752 1304 971 1366 consul
1007 1326 1236 1388 magno
1271 1307 1338 1367 in
1375 1306 1672 1390 periculo
1708 1305 1870 1383 fuit3
1933 1305 2062 1367 cir-
2122 1303 2292 1387 ᾼρρῐί
2314 1324 2398 1375 pte

168 1397 624 1469 cumventusque
654 1387 862 1460 foret,
908 1386 1037 1446 nisi
1067 1402 1311 1450 mature
1345 1401 1530 1471 capto
1556 1386 1815 1448 consilio
1845 1388 2061 1448 m'isis-
2087 1377 2321 1455 rrcutcfm
2353 1388 2404 1427 ‘¹

168 1475 240 1522 set
262 1463 329 1523 ad
369 1466 759 1541 Hieronem,
828 1467 1009 1551 quasi
1049 1468 1129 1530 de
1161 1468 1643 1530 conditionibus
1675 1469 1853 1553 pacis
1889 1483 2062 1531 actu-
2089 1444 2308 1509 ‘stum‘

166 1563 263 1607 rus.
295 1546 469 1608 Misit
504 1562 572 1610 et
600 1549 711 1611 ille
746 1562 990 1610 certum
1013 1549 1339 1611 hominem
1372 1571 1451 1612 ex
1481 1549 1724 1611 amicis.
1771 1569 1912 1611 cum
1938 1550 2064 1611 hoc

164 1640 348 1717 ?⁰.⁰Pt⁰
376 1629 704 1713 colloquio
727 1673 743 1702 ,
791 1643 856 1691 et
886 1630 966 1691 de
1001 1628 1303 1693 industfia
1330 1632 1672 1716 producte,
1718 1632 1960 1693 sensim
1984 1650 2064 1692 ex

71 1728 72 1777 ξ
165 1723 339 1788 miquo
369 1710 521 1785 ‘loco
560 1730 630 1771 se
662 1712 975 1772 subtraxit
1010 1711 1073 1771 in
1110 1727 1333 1773 tutum.
1403 1711 1775 1793 Syracusani
1805 1731 2061 1807 quoque

71 1800 72 1861 ξ
166 1790 368 1878 sequuti
398 1832 414 1861 ,
461 1810 801 1854 sermones
832 1791 912 1853 de
951 1813 1111 1876 pace
1147 1813 1291 1854 eum
1328 1792 1609 1855 diversis
1629 1793 1934 1853 Romanis
1962 1814 2061 1853 in-

167 1861 480 1944 stituerunt,
532 1889 1046 1958 conventumque
1080 1875 1274 1947 foret,
1320 1875 1390 1936 ni
1426 1875 1633 1936 Hiero
1664 1888 1886 1935 auctor
1913 1871 2060 1935 fieri

166 1946 430 2013 noluiffet.
516 1954 641 2013 His
693 1956 889 2016 rebus
932 1955 1242 2038 gerendis
1290 1955 1494 2035 major
1535 1955 1682 2016 anni
1720 1976 1870 2039 pars
1904 1975 2061 2016 con·
2158 1951 2376 2035 Trium..

169 2045 380 2119 sumpta.
444 2047 583 2094 tum
609 2037 949 2097 Mess'anam
986 2036 1183 2101 rediit
1219 2037 1470 2109 consul,
1517 2049 1579 2098 et
1606 2036 1781 2113 inde,
1826 2035 2059 2097 cohor·
2080 2023 2225 2094 phas
2250 2039 2394 2142 ‘²²3’

164 2107 289 2169 tibus
320 2115 564 2197 aliquot
599 2118 847 2178 relictis
889 2116 967 2176 ad
988 2117 1262 2179 tuendos
1287 2117 1727 2188 Mamertinos,
1782 2136 1926 2176 cum
1954 2136 2061 2177 ce·
2120 2107 2398 2212 33:533}

164 2190 281 2252 teris
301 2195 614 2278 Rhegium
636 2197 922 2278 trajecit:
968 2219 1115 2260 mox
1142 2202 1410 2260 Romam
1439 2198 1704 2260 decess'it
1727 2197 1806 2258 ad
1835 2197 2060 2258 trium·
2087 2226 2252 2279 ,qm-5,

159 2268 344 2350 phum,
380 2298 576 2372 quem
606 2277 686 2340 de
719 2278 962 2340 Poenis
995 2295 1060 2342 et
1090 2301 1246 2363 rege
1268 2280 1527 2342 Siciliae
1547 2281 1859 2350 Hierone,
1887 2277 2062 2363 quod

160 2352 356 2431 primus
402 2359 518 2420 1lle
559 2358 1111 2438 detransmarinis
1140 2378 1226 2446 po
1277 2361 1400 2422 ulis
1439 2375 1738 2445 ageretur
1762 2404 1778 2431 ,
1835 2381 2063 2443 magna

164 2435 392 2498 omnium
417 2441 876 2522 gratulatione
933 2442 1131 2504 duxit.
1305 2444 1386 2504 oc
1436 2442 1691 2504 initium
1756 2441 2060 2502 Romanis

161 2519 398 2652 {optandi
425 2521 629 2582 maria
651 2564 668 2596 ,
734 2537 800 2585 et
832 2523 938 2585 hic
979 2524 1295 2587 success'us
1328 2538 1711 2608 coeptorum
1740 2522 1807 2583 in
1838 2516 2063 2585 Sicilia

182 2610 267 2658 ult.
857 2649 863 2655 .

243 2681 577 2748 xxme.
626 2686 926 2748 Ceterum
954 2700 1019 2748 et
1038 2684 1147 2748 ista
1174 2700 1239 2748 et
1260 2686 1667 2769 sequentium
1696 2698 2062 2767 temporum
2178 2754 2189 2767 ·
2303 2753 2318 2767 ,

158 2757 282 2837 gesta
314 2767 704 2849 scriptorum
735 2767 1082 2830 ambitione
1130 2781 1434 2850 corrupta
1480 2780 1660 2828 suntt
1771 2786 1918 2827 uum
1946 2785 2057 2826 eo·
2112 2752 2399 2818 H²st⁰⁷²‘⁰·

156 2856 259 2900 rum
283 2848 646 2929 praecipui,
693 2849 988 2911 Philinus
1020 2848 1510 2933 Agrigentinus,
1554 2861 1619 2910 et
1649 2869 1729 2909 ex
1815 2846 2058 2908 omanis
2072 2837 2211 2955 ΕΖ
2242 2825 2391 2874 ''⁸⁰¹‘'

155 2917 344 2986 Fabius
380 2928 641 3000 Pictor,
690 2929 840 2991 dum
869 2930 980 2993 ille
1004 2927 1615 3014 Carthaginienssum
1653 2927 1924 3011 gloriae,
1950 2926 2059 2988 hic
2216 2923 2234 2941 ⁸

156 2997 486 3070 domesticae
522 3010 788 3071 nimium
813 3009 1055 3084 studet,
1113 3009 1404 3072 officium
1444 3024 1510 3072 et
1554 3002 1752 3070 fidem
1792 3010 2062 3089 insuper
2124 3050 2210 3105 Ar
2246 3053 2366 3102 „im

151 3077 485 3152 habuerunt.
530 3089 822 3172 Quorum
853 3093 1179 3156 levitatem
1216 3092 1452 3154 merito
1496 3090 1803 3172 Polybius
1825 3090 2056 3183 arguit.
2082 3135 2119 3173 a
2137 3067 2397 3190 poffybfos

153 3165 348 3260 quippe
373 3191 571 3255 quum
600 3173 792 3233 etiam
813 3175 1212 3257 privatorum
1239 3173 1522 3233 minimis
1551 3173 1619 3233 in
1649 3170 1873 3233 cauffis
1900 3169 2059 3231 ialso

151 3242 462 3313 testimonio
487 3252 961 3317 circumvenire
999 3255 1354 3339 quemlibet
1387 3253 1777 3316 exsecrabile
1814 3252 2059 3313 crimen

151 3319 445 3406 habeatur,
509 3349 744 3418 quanto
782 3335 1081 3398 foediore
1118 3335 1396 3421 perfidia
1431 3335 1733 3397 eonditor
1760 3332 2058 3397 historiae

152 3407 473 3496 principum
506 3431 696 3500 atque
735 3419 1123 3502 populorum
1156 3434 1293 3480 acta
1328 3437 1750 3500 corrumpere
1793 3414 2058 3477 censen-

150 3484 237 3550 dus
255 3492 376 3556 est?
430 3498 538 3558 cui
557 3518 766 3594 neque
787 3501 1150 3562 mortalium
1180 3500 1666 3562 commodorum
1686 3497 2053 3582 quidquam,

147 3584 317 3654 neque
346 3579 616 3661 spiritus
656 3580 790 3662 ipse
819 3577 1086 3664 pulchra
1113 3583 1387 3645 veritate
1425 3581 1701 3644 debebat
1737 3578 1864 3640 ess‘e
1893 3577 2057 3639 anti-

149 3654 336 3734 quim-3
396 3673 574 3722 tanto
602 3662 839 3724 minori
881 3684 997 3745 spe
1030 3664 1260 3726 veniae
1285 3708 1302 3739 ,
1350 3663 1524 3747 quod
1548 3684 1629 3724 ne
1658 3673 2061 3745 praetextum

148 3734 365 3809 quidem
400 3743 755 3825 mentiendi
784 3745 1065 3827 allegare
1106 3745 1424 3809 idoneum.
1438 3746 1637 3807 ullum
1663 3739 1887 3826 potest,
1926 3740 2056 3813 cui,

67 3896 68 3903 ἵ
150 3812 191 3870 ti
211 3815 438 3891 libere,
505 3845 667 3907 quae
709 3845 862 3886 vera
911 3826 1192 3902 sciebat,
1268 3846 1538 3912 quacum
1583 3847 1667 3886 ue
1695 3822 1799 3897 ,de
1855 3823 2057 3885 causs'a

150 3911 245 3955 uon
279 3901 546 3967 licuiss'et
582 3904 840 3968 tradere
871 3950 887 3981 ,
932 3922 1149 3970 tacere
1181 3923 1359 3970 certe
1389 3908 1546 3969 licui
1599 3920 1684 3968 et.

151 4002 319 4117 ἶῐ).
337 4053 619 4107 xxxvu.
652 4053 858 4124 Polyb.
896 4055 1173 4106 Zonaras.
1200 4050 1407 4119 Polyb.
1430 4052 1707 4103 Zonaras.
1727 4047 1831 4102 Sil.
1849 4049 2044 4115 Ita1.6,
2140 4006 2145 4017 Ι

149 4098 240 4167 660·
272 4120 566 4194 ΕιιῐτοΡᾸ.
582 4112 636 4181 ἃ.
675 4121 820 4223 qap.
838 4118 1544 4191 xxxvnl.Liv.Epit.16.
1559 4116 1765 4187 Polyb.
1787 4140 1833 4185 1,
1857 4118 1953 4185 140‘

1282 4212 1289 4250 l
