2717 4659
272 386 340 439 c.
357 405 408 438 ο.
424 384 546 455 489·

620 180 731 245 136
771 184 1335 247 FREINSHEMII
1371 182 2187 248 SUPPLEMENTORUM
2219 186 2504 254 Limvl.
2544 258 2551 273 ἲ
2592 184 2609 191 ’

611 389 688 450 ab
729 411 809 451 eo
851 391 1030 464 loc0,
1064 391 1176 452 ubi
1213 389 1408 475 castra
1429 404 1612 453 erant
1650 391 2182 474 Syracusanorum
2208 435 2223 465 ,
2270 390 2565 474 appulis-

611 486 742 544 set,
792 473 1161 535 cohortatus
1192 494 1342 534 suos
1364 515 1382 554 ³.
1442 486 1811 556 certamque
1845 474 2185 535 victoriam
2213 471 2564 544 ostentans,

612 554 669 614 si
698 556 825 615 tale
859 553 1019 615 nihil
1055 555 1447 638 suspicantes
1486 555 1967 637 opprimerent,
2008 555 2306 638 protinus
2331 554 2407 613 ad
2436 553 2567 614 bo-

303 645 582 700 Hieronem
611 633 790 696 stium
839 636 1261 730 oppugnanda
1318 633 1513 697 castra
1567 636 1805 719 pergit.
1890 636 2138 708 Hiero,
2204 636 2417 697 subito
2456 652 2568 696 tu·-

270 718 435 768 vince't
487 727 539 769 et

262 785 456 853 sugat.

309 2052 500 2150 Castra

253 2149 542 2206 Poenorum

256 2234 554 2293 oppugnat.

608 718 810 779 multu
850 730 1096 778 exc1tus
1118 760 1133 789 ,
1198 732 1264 778 et
1296 717 1435 801 ipse
1467 730 1691 778 contra
1725 716 1943 787 educit
1977 718 2195 802 copias
2222 738 2345 800 pro
2391 729 2571 776 tem-

657 819 772 859 ore
820 796 1171 859 instructas.
1257 796 1331 858 fit
1373 798 1757 880 aliquamdiu
1805 812 2124 860 certamen
2167 819 2355 860 acre:
2414 797 2569 879 pel-

634 893 825 943 untur
844 879 1114 939 Romani
1132 880 1408 964 equites„
1465 878 1602 956 sed,
1625 880 1994 962 legionibus
2008 880 2342 942 fortiffime
2361 898 2569 961 proe-

605 960 909 1021 liantibus
931 1003 946 1032 ,
990 961 1273 1031 vincitur
1292 961 1523 1034 Hiero,
1569 981 1769 1044 seque
1800 981 1944 1021 cum
1971 962 2103 1022 suis
2126 961 2426 1042 ‘trepidus
2457 960 2568 1018 in-

605 1053 706 1101 tra
739 1042 972 1102 vallum
1018 1042 1274 1125 recipit.
1351 1042 1639 1127 Appius,
1705 1042 1971 1124 spoliari
2009 1043 2391 1126 corporibus
2433 1039 2567 1100 ho-

603 1119 785 1184 stium
814 1122 989 1202 juss'is
1015 1170 1029 1194 ,
1055 1158 1058 1167 ·
1084 1125 1426 1187 Mess'anam
1457 1126 1655 1185 intrat
1676 1166 1691 1196 ‚
1736 1125 2284 1208 Mamertinosque
2307 1166 2335 1197 ,‚
2362 1142 2567 1265 prae-

606 1205 812 1265 sentia
849 1225 959 1264 sua
997 1206 1339 1271 extim‘ore
1373 1225 1602 1288 magno
1646 1219 2011 1278 recreatoS,
2077 1207 2218 1288 spei
2258 1203 2565 1264 maioris

598 1285 688 1345 im
737 1286 846 1347 let.
915 1287 1140 1348 'Hiero
1163 1328 1179 1358 ,
1224 1287 1464 1349 victum
1494 1306 1564 1348 se
1590 1286 1819 1349 vid-ens
1843 1329 1859 1359 ,
1916 1288 2277 1370 ‘riusquam
2300 1285 2597 1348 vidiffet-

599 1308 863 1443 liugom,
902 1365 1100 1445 (sicut
1118 1367 1255 1464 ipse
1273 1365 1491 1452 postea
1521 1368 1838 1430 confess'us
1865 1388 1900 1429 e
1957 1368 2007 1448 ‚)
2037 1369 2322 1452 fretique
2343 1382 2564 1428 trans-

599 1446 761 1511 itum
797 1470 830 1508 a
866 1448 1488 1532 Carthaginienfibus
1533 1449 1865 1532 proditum
1902 1449 2291 1533 suspicatus,
2353 1468 2559 1532 quum

599 1529 895 1612 ambigua
936 1544 1151 1592 mente
1188 1531 1381 1592 multa
1427 1551 1645 1592 secum
1681 1531 1986 1614 agitaret,
2057 1531 2139 1592 de
2176 1551 2412 1590 summa
2442 1547 2559 1589 re-

599 1611 979 1673 rum‘vereri
1002 1613 1251 1695 coepit:
1295 1612 1758 1694 proximaeque
1791 1614 2001 1673 noctis
2036 1612 2296 1674 silentio
2326 1609 2557 1694 copias

589 1689 820 1752 ‘eduxit
851 1690 1067 1753 castris
1092 1736 1109 1764 ,
1161 1690 1231 1754 et’
1255 1706 1559 1754 contento
1584 1693 1819 1755 itinere
1846 1692 2180 1773 Syracusas
2214 1693 2479 1774 refugit.
2520 1736 2527 1745 .

721 1774 1014 1836 XXXVI.
1056 1777 1156 1834 Eo
1206 1773 1502 1835 submoto
1531 1816 1547 1846 ,
1592 1773 1880 1860 Appius,
1940 1795 2132 1858 quum
2162 1790 2416 1836 terrore
2448 1773 2556 1835 vi-

597 1853 842 1914 ctoriae
871 1856 1154 1916 recentis
1182 1855 1261 1916 ad
1280 1849 1541 1933 Poenos
1563 1876 1820 1940 quoque
1844 1855 2261 1917 debellandos
2291 1855 2382 1914 uti
2405 1853 2554 1914 vel-

594 1934 719 2006 let,
781 1935 1129 2011 militibus,
1191 1951 1268 1998 ut
1302 1937 1517 1997 cibum
1565 1938 1843 2021 tempori
1899 1937 2184 2020 capiant,
2243 1917 2551 2018 imperat.

596 2015 832 2078 deinde
856 2059 872 2088 ,
917 2017 1286 2080 albescente
1319 2018 1442 2095 jam
1478 2018 1583 2080 die
1617 2018 2025 2102 progress'uS,
2073 2017 2264 2079 castra
2286 2020 2553 2077 Poeno-

596 2119 735 2157 rum
779 2098 1483 2181 oppugnarevinfiituit.
1561 2102 1765 2160 Erant
1806 2099 1965 2161 haec
2011 2100 2158 2161 loco
2210 2099 2363 2159 satis
2401 2110 2552 2157 tuto

587 2180 840 2260 posita,
886 2192 949 2239 et
983 2194 1207 2242 natura
1235 2185 1552 2263 manuque
1586 2181 1937 2265 diligenter
1965 2179 2350 2265 permunita.
2391 2178 2553 2240 hinc

592 2280 810 2333 mare,
870 2258 1021 2321 inde
1102 2261 1419 2323 rofundac
1461 2261 1768 2344 paludes,
1830 2263 1896 2322 in
1925 2262 2296 2346 peninsulae
2334 2261 2550 2322 ferme

569 2341 880 2423 «speciem
903 2384 920 2412 ,
964 2363 1062 2403 am
1110 2342 1303 2404 ibant.
1365 2343 1539 2405 inter
1568 2343 1682 2405 has
1721 2342 2043 2427 angustum
2077 2344 2378 2428 spatium,
2412 2358 2549 2424 quo

590 2442 719 2482 uno
762 2422 928 2483 adiri
966 2438 1223 2508 poterat
1246 2468 1261 2497 ,
1310 2425 1538 2486 ductus
1564 2424 1899 2487 adversum
1925 2426 2292 2508 irrupturos
2320 2443 2550 2485 murus

591 2503 742 2566 obse
791 2505 982 2566 iebat.
1067 2506 1195 2567 Hic
1234 2506 1346 2567 ubi
1374 2507 1506 2567 vim
1534 2506 1829 2569 feciffent
1853 2507 2126 2568 Romani
2148 2507 2550 2577 milites,ne-

590 2606 715 2668 que
790 2607 1055 2649 ocorum
1101 2587 1289 2648 simul
1352 2587 1759 2670 iniquitatem
1782 2630 1798 2660 ‚
1877 2602 1943 2650 et
1996 2587 2546 2672 propugnantium

587 2667 1064 2731 multitudinem
1102 2670 1369 2732 vincere
1401 2669 1684 2750 pqss‘ent,
1730 2668 2064 2732 miffilibus
2091 2670 2360 2730 maxime
2381 2711 2398 2739 ,
2448 2666 2547 2726 si-

588 2761 697 2809 cut
725 2749 791 2809 in
816 2750 1072 2812 urbium
1102 2749 1580 2837 oppugnatione
1602 2742 1788 2823 solet,
1812 2771 1949 2812 rem
1970 2751 2343 2833 gerentibus
2365 2751 2543 2810 Poe-

587 2822 713 2903 n'is,
758 2832 948 2893 irrito
985 2833 1246 2916 incepto
1284 2828 1591 2907 desistere
1626 2832 1831 2894 coacti
1862 2834 2274 2895 recess'erunt.
2326 2834 2543 2914 Saepe

553 2910 652 2972 'in
697 2912 889 2974 bellis
933 2914 1189 2974 meliori
1239 2912 1537 2973 fortunae
1589 2915 1801 2974 locum
1837 2934 1979 2975 sors
2011 2913 2269 2984 durior,
2332 2926 2398 2974 et
2423 2911 2539 2974 ad-

583 2995 762 3055 versi
787 2995 863 3055 ab
898 2994 1087 3057 initio
1119 2995 1295 3056 casus
1325 2992 1587 3054 fecere:
1633 2995 1781 3055 dum
1815 2995 1917 3055 his
1954 2994 2170 3059 affecti
2192 3038 2209 3066 ,
2255 2993 2540 3056 confiliis

583 3075 945 3158 animisque
994 3076 1342 3157 majoribus
1403 3089 1735 3159 acceptum
1788 3077 2244 3141 detrimentum
2287 3076 2538 3138 sarcire

579 3153 870 3233 student3
919 3154 1169 3229 hostes,
1219 3156 1553 3217 felicitatis
1600 3157 1907 3240 opinione
1950 3158 2177 3219 blanda
2212 3158 2539 3232 fascinati,

492 3304 500 3313 ,
579 3256 793 3319 neque
830 3239 982 3299 satis
1012 3237 1346 3299 adversum
1374 3236 1640 3300 fortuita
1668 3240 2091 3323 providentes
2113 3283 2129 3313 ,
2174 3240 2245 3301 in
2270 3241 2540 3302 temeri-

288 3792 481 3848 Poenos

578 3331 773 3380 tatem
810 3321 1209 3380 auferuntur.

699 3402 1017 3463 XXXVII.
1064 3401 1255 3495 Quod
1284 3402 1400 3463 illo
1435 3417 1728 3483 tempore
1754 3401 2389 3487 Carthaginiensibus
2411 3422 2534 3463 usu

577 3481 795 3543 venit:
869 3483 1014 3566 qui,
1058 3484 1360 3566 repuliss'e
1398 3483 1638 3545 hostem
1674 3504 1803 3545 non
1845 3487 2168 3559 contenti,
2216 3499 2535 3565 tamquam

576 3561 933 3645 fugientem
981 3565 1323 3649 eruptione
1365 3586 1445 3625 ex
1484 3565 1701 3627 castris
1749 3565 1917 3628 facta
1958 3566 2534 3651 persequebantur,

579 3663 730 3704 suae
762 3645 1027 3717 virtuti,
1073 3667 1207 3708 non
1250 3646 1596 3708 munitioni
1628 3647 1956 3725 locorum,
2027 3652 2350 3710 Romanos
2390 3668 2531 3708 ces·

579 3725 723 3787 siss'c
750 3726 1199 3790 existimantes.
1283 3731 1508 3810 Itaque
1539 3728 1868 3814 postquam
1899 3753 1978 3794 ex
2013 3729 2312 3812 angustiis
2333 3773 2350 3803 ,
2389 3731 2539 3811 qui-

573 3806 694 3866 bus
720 3806 979 3869 defensi
1006 3809 1263 3872 fuerant
1284 3852 1300 3884 ,
1342 3812 1739 3892 process'ere,
1779 3827 2015 3888 mutata
2043 3833 2187 3874 cum
2218 3814 2364 3874 loco
2393 3817 2539 3875 sor-

629 3957 788 4038 pap.
816 3960 1045 4013 XXXV.
1108 3962 1388 4015 Zonaras.
1440 3962 1646 4031 Polyb.
1675 3981 1722 4026 1,
1748 3981 1830 4016 11.
1882 3963 2161 4015 ZonaraS.
2219 3965 2379 4018 Flor.
2410 3984 2539 4030 2,2.

569 4025 1038 4166 ssiqdifflcllaqgsl.
1057 4028 1144 4113 23.
1181 4030 1390 4125 Polyb.
1416 4051 1462 4097 ι,
1485 4048 1568 4086 12.
1641 4029 1788 4102 Cap.
1808 4032 2005 4094 XXXV
2021 4031 2068 4085 1.
2108 4034 2384 4092 Zonaras.
2416 4038 2534 4092 Po·
