2717 4659
548 193 639 256 m
680 188 979 254 Locum
1019 186 1658 285 Lm.x1x.1.1v11.
1853 241 1858 254 ,
1982 203 2098 273 ω.

139 402 367 463 merito
392 400 466 459 in
491 418 641 462 eum
668 394 1116 478 indignatione
1134 396 1441 469 omnium,
1487 408 1746 458 coactus
1778 394 2101 467 abdicare,
2165 404 2232 460 U.
2250 424 2300 460 c.
2317 409 2438 474 504.

146 505 210 545 ae
241 485 313 543 in
336 481 575 565 populi
613 477 924 560 judicium
958 476 1270 539 adductus
1291 475 1400 540 est.
1469 475 1972 544 Condemnatum'
1994 497 2102 538 au·
2141 477 2430 561 ,Ρχίζὶοόἱὶ

146 579 400 637 etot-ee,
452 582 617 645 qnos
659 561 894 622 Cicero
936 560 1136 633 vidit,
1196 561 1521 632 retulere,
1584 560 1700 620 sed
1747 558 1915 644 apud
1939 559 2103 621 alios
2125 549 2408 634 flama&-

146 648 518 708 adnotatum
556 641 664 713 est,
698 640 900 712 illum,
946 639 1117 701 haud
1145 638 1338 702 dubia
1362 642 1486 726 jam
1507 641 1735 725 populi
1758 641 2104 713 voluntate,

148 746 295 789 casu
324 739 635 808 ereptum
655 723 782 784 ess'e
816 722 1176 783 imminenti
1206 722 1617 797 damnationi,
1670 742 1862 806 quum
1892 721 2107 783 subito

151 821 415 870 coortus
472 806 683 872 imber
739 803 996 864 comitia
1036 801 1425 867 diremisset:
1471 819 1617 868 ,tum
1671 804 1845 865 enim
1868 845 1883 876 ,
1933 801 2111 866 velut

156 886 589 1032 futen-ionem
621 888 791 947 inter
839 883 1182 962 ellantibus
1218 885 1365 947 Diis
1389 928 1407 960 ,
1452 887 1639 948 aliam
1669 886 1898 958 deince
1948 905 1977 945 s
2009 884 2109 945 in-

180 970 319 1031 titui
354 990 494 1030 non
546 968 762 1063 placui
815 986 873 1026 e.
963 968 1266 1030 Ceterum
1300 954 1582 1040 Gliciaa,
1646 965 1818 1051 quod
1849 988 1890 1026 u
1918 966 2111 1027 timae

154 1052 350 1114 sortis
380 1050 713 1113 hommem
742 1048 806 1108 in
839 1047 1113 1112 maximo
1147 1048 1239 1107 im
1284 1050 1426 1110 erio
1466 1048 1752 1131 conspici
1786 1047 1996 1131 pudor
2017 1048 2109 1108 ci-

153 1133 372 1196 vitatis
398 1153 535 1194 non
554 1129 827 1201 serebat,
865 1141 1126 1194 coactus
1148 1128 1225 1190 ab
1275 1132 1473 1203 icare‚
1503 1132 1691 1192 ludos
1716 1144 1924 1193 tamen
1942 1125 2109 1212 post-

161 1236 233 1275 ea
260 1225 703 1297 praetextatus
726 1212 1059 1294 spectavit.
1116 1214 1188 1271 ln
1220 1211 1358 1292 ejus
1395 1213 1608 1274 locum
1634 1210 1910 1273 dictator
1931 1229 2110 1271 crea-

155 1309 257 1357 tus
293 1292 384 1355 est
412 1296 493 1356 A.
534 1293 773 1354 Atilius
810 1294 889 1352 A.
927 1292 1001 1352 F.
1037 1293 1107 1353 C.
1143 1297 1220 1355 N.
1256 1293 1616 1364 Calatinus,
1662 1293 1952 1376 dixitque
1980 1312 2111 1353 ma·

162 1373 422 1459 gistrum
477 1374 766 1458 equitum
808 1374 884 1433 L.
918 1373 1266 1434 Caecilium
1299 1378 1374 1436 L.
1413 1375 1489 1436 F.
1529 1377 1600 1437 C.
1638 1379 1716 1437 N.
1754 1374 2109 1449 Metellum,

160 1457 370 1539 quide
389 1455 634 1518 Poenis
653 1452 1180 1538 triumphaverat.
1247 1457 1336 1517 Hi
1367 1456 1651 1541 profecti
1679 1455 1938 1540 quidem
1968 1469 2115 1519 sunt

158 1538 226 1598 in
258 1538 576 1610 Siciliam,
619 1535 738 1600 sed
768 1556 909 1598 rem
940 1537 1426 1600 memorabilem
1460 1539 1696 1599 nullam
1729 1538 2074 1621 gesserunt.

276 1702 485 1762 XXX.
535 1702 787 1763 Interea
820 1699 896 1759 L.
926 1698 1193 1772 Juniua,
1239 1701 1463 1764 anxius
1496 1720 2017 1773 rerumsnarum,
2054 1713 2120 1762 et
2172 1735 2456 1800 lffmfm

157 1781 481 1877 naufragii
543 1783 790 1864 culpam
850 1780 1121 1863 egregio
1173 1779 1465 1844 facinore
1513 1784 1776 1844 abolere
1841 1780 2116 1854 studens,
2147 1805 2371 1874 Eryce„
2384 1821 2464 1860 π-

164 1881 355 1948 quum
400 1884 474 1926 ιιι
510 1882 730 1924 omnes
775 1861 1136 1922 occafi'onea
1170 1862 1458 1926 intentus
1494 1865 1651 1927 ess'et
1676 1906 1693 1938 ,
1737 1864 1964 1945 Erycis
2005 1863 2118 1924 ob·
2147 1882 2335 1943 cupae.

163 1964 236 2006 cu
286 1944 440 2005 andi
484 1945 643 2006 viam
693 1942 1069 2027 proditione
1113 1958 1424 2005 nocturna
1454 1946 1913 2031 quorumdam,
1959 1965 2120 2028 quos
2190 1933 2214 1990 ἐ

164 1968 353 2087 dciiis
384 2040 454 2087 et
488 2024 816 2108 promissis
851 2044 1002 2085 suos
1037 2025 1316 2098 fecerat,
1386 2027 1654 2091 invenit.
1727 2029 1900 2107 Eryx
1937 2044 2122 2087 mons
2164 2059 2359 2125 Erycis
2375 2056 2460 2111 de,

163 2107 247 2169 est
285 2107 562 2170 Siciliae
605 2104 743 2192 post
776 2109 1045 2167 Aetnam
1094 2106 1473 2170 editiss'imus
1513 2109 1580 2169 in
1629 2130 1703 2170 ea
1742 2120 1927 2192 parte
1953 2106 2123 2168 iusu—
2152 2109 2397 2198 scriptio.

163 2193 257 2253 lae
279 2233 296 2262 ,
348 2210 517 2272 quae
537 2188 777 2250 Italiam
807 2187 1094 2271 respicit,
1139 2188 1355 2249 medio
1390 2191 1597 2252 ferme
1628 2192 1800 2252 inter
1825 2190 2127 2273 Drepana

166 2286 227 2336 et
257 2275 660 2332 Panormum
701 2270 864 2342 situ,
911 2269 1024 2330 sed
1066 2268 1142 2330 ab
1175 2266 1283 2330 ill'a
1312 2287 1498 2353 parte
1524 2273 1831 2355 asperior.
1884 2273 1953 2331 In
1976 2290 2126 2333 ver·-

161 2358 289 2417 tice
314 2351 663 2434 planitiem
690 2350 883 2412 habet
908 2369 1048 2410 cum
1072 2351 1315 2434 templo
1348 2354 1654 2428 Veneris,
1698 2372 1887 2437 quam
1918 2372 1996 2412 ex
2030 2352 2128 2412 lo-

164 2459 237 2501 co
270 2441 619 2514 Erycinam
648 2445 880 2493 vocant
902 2475 918 2505 ,
980 2432 1174 2515 longe
1210 2434 1530 2510 omnium,
1587 2456 1762 2518 quae
1801 2435 1865 2493 in
1904 2434 2130 2495 Sicilia

124 2526 141 2532 ‘
165 2517 339 2592 sunt,
374 2514 877 2597 opulentissimo.
929 2513 1061 2575 Sub
1086 2513 1292 2609 ipsum
1322 2514 1559 2578 deinde
1586 2535 1886 2577 cacumen
1911 2517 1973 2574 in
1994 2535 2130 2577 me-

162 2602 270 2666 dio
304 2595 557 2659 montis
588 2595 743 2655 urbs
779 2592 864 2655 est
890 2595 1317 2677 cognommis,
1364 2599 1609 2660 accessu
1631 2596 1815 2660 valde
1845 2594 2128 2668 difficili,

160 2685 271 2767 qui
312 2703 353 2743 a
389 2675 724 2737 radicibus
743 2676 1002 2749 montis,
1096 2694 1170 2737 er
1202 2676 1430 2759 longas
1453 2693 1517 2740 et
1540 2676 1824 2761 angustas
1849 2680 2129 2750 semitae,

157 2781 291 2827 non
334 2760 508 2822 citra
531 2757 820 2818 laborem
853 2778 1019 2840 expe
1066 2758 1218 2817 itur.
1264 2760 1469 2842 Igitur
1486 2762 1561 2821 L.
1579 2761 1833 2834 Junius,
1866 2762 1996 2822 loci
2022 2781 2132 2821 na-

161 2861 300 2908 tura
324 2839 692 2927 perspecta,
714 2851 847 2899 tum
871 2838 938 2898 in
963 2858 1207 2899 summo
1225 2842 1463 2902 montis
1481 2843 1654 2926 jugo,
1677 2856 1808 2903 tum
1830 2842 1898 2903 in
1931 2842 2133 2904 fauci-

158 2926 301 3002 bus,
350 2941 520 3008 qnae
553 2921 857 3004 Drepana
880 2933 1195 3004 spectant,
1282 2921 1544 2984 raefidia
1577 2920 1917 2992 constituit,
1959 2936 2133 2984 tutus
2178 2923 2184 2934 ⁸

162 3009 335 3082 loco,
362 3018 452 3076 et,
487 3001 543 3061 si
564 3002 1033 3075 incesseretur,
1062 3002 1195 3065 vim
1272 3000 1493 3064 ostium
1520 3005 1651 3067 levi
1685 3004 1951 3086 negotio
1977 3022 2135 3086 pro-
2181 3051 2187 3058 .

161 3083 554 3172 pulsaturus.
602 3083 717 3145 sed
765 3096 831 3144 et
862 3082 1295 3166 Aegithallum
1336 3105 1522 3147 muro
1563 3086 1782 3156 cinxit,
1828 3083 2142 3147 firmavit-

167 3185 288 3253 que
360 3163 730 3228 raefidiaria
754 3157 942 3225 m'anu
964 3165 1240 3226 militum
1274 3165 1809 3250 octingentorum.
1834 3168 2138 3230 Ceterum
2207 3209 2214 3216 -

169 3255 317 3314 Cart
370 3251 502 3324 alo,
555 3260 752 3310 noctu
790 3248 1108 3330 expositis
1149 3247 1242 3308 ibi
1282 3248 1492 3328 copiis
1518 3291 1533 3320 ,
1579 3245 1895 3309 castellum
1937 3267 2138 3330 expu-

255 3332 412 3397 avit.
459 3329 874 3415 praesidiarii
916 3329 1152 3413 partim
1192 3328 1399 3390 occisi
1449 3330 1738 3413 captive,
1795 3329 2028 3413 partim
2060 3326 2141 3389 ad

167 3349 451 3498 ῗιγοειιι
470 3412 919 3510 pet-fugerunt.
965 3412 1199 3472 Cetera
1230 3408 1311 3471 de
1340 3412 1416 3471 L.
1449 3411 1629 3473 Junii
1660 3410 1857 3472 rebus
1893 3411 2143 3472 incerta
2200 3458 2253 3514 D

172 3511 318 3559 sunt
360 3493 531 3580 apud
572 3515 702 3557 scri
751 3507 952 3554 tot-ee.
1021 3492 1276 3575 quidam
1323 3495 1496 3554 e‘nim
1532 3514 1564 3553 a
1612 3491 1994 3582 Carthalone
2036 3509 2139 3552 ca·
2166 3460 2476 3584 „3,'{}{'r‘[

168 3594 355 3665 ptum
407 3576 708 3661 Aegithal
736 3578 799 3646 i,
873 3574 984 3636 alii
1039 3589 1211 3636 metu
1276 3574 1699 3640 accusationis
1751 3574 1837 3635 ob
1890 3574 2140 3637 classem
2164 3611 2249 3651 η,
2273 3603 2469 3673 opinio-

172 3662 462 3726 amiss'am
502 3660 628 3723 sibi
663 3676 894 3722 necem
931 3657 1314 3722 conscivisse
1356 3656 1812 3745 prodiderunt.
2166 3685 2278 3722 nes.

241 3899 324 3960 Ga
375 3941 390 3959 .
409 3905 613 3961 XXIX.
651 3904 774 3962 Cic.
802 3897 875 3958 de
904 3898 1034 3960 Nat.
1063 3897 1249 3961 Deor.
1270 3901 1415 3962 etde
1431 3901 1566 3963 niv.
1601 3897 1733 3959 val.
1762 3901 1913 3960 Max.
1933 3900 1991 3971 8,
2012 3917 2061 3970 ι,
2079 3903 2134 3971 4.

170 3964 301 4027 mv.
384 3973 495 4045 pit.
519 3994 604 4043 ιε).
642 3974 789 4030 Fasti
818 3971 1011 4045 Capit.
1062 3972 1214 4029 Pliu.
1239 3993 1292 4042 7,
1309 3982 1399 4043 43.
1436 3978 1713 4031 zonaras.
1758 3974 1894 4036 Dio,
1913 3972 2059 4029 1036.
2078 3971 2139 4028 in

174 4042 349 4097 Orat.
368 4044 581 4098 Catuli.
654 4044 800 4116 Gap.
823 4044 996 4098 XXX.
1033 4035 1236 4113 Polyb.
1258 4066 1304 4112 ι,
1325 4048 1414 4102 55.
1452 4042 1629 4100 Diod.
1647 4041 1899 4114 Eelog.l.
1921 4050 2007 4108 ²4·
2029 4043 2136 4098 Po.
2203 4095 2212 4102 a

170 4104 293 4178 tyb.
334 4111 586 4166 Diodor.
624 4112 905 4167 Zonaras.
932 4110 1183 4167 cie-..ubi
1198 4131 1414 4188 nuptu
1446 4124 1508 4170 et
1524 4110 1827 4170 val-Mu·
1848 4116 1970 4179 μή,
1982 4112 2042 4166 3·

1186 4305 1216 4334 S

1211 4389 1221 4420 Ι
