2717 4659
602 183 688 276 IN
732 177 1027 241 LOCUM
1067 180 1227 240 [ΑΒ.
1270 178 1439 242 xlx.
1487 179 1707 243 len.
1983 201 2094 245 211

140 384 581 469 praemiorum
600 384 679 445 ad
694 384 1056 455 faciundam
1076 383 1495 469 ‘eruptionem
1519 384 1833 467 impellit:
1878 387 1980 448 dis
2029 407 2101 448 o-
2155 385 2438 449 masos.
2503 445 2514 457 ,

148 467 461 549 sitisque,
508 480 582 528 ut
608 487 719 528 res
757 467 1100 551 poscebat,
1142 466 1522 548 manipulis,
1569 466 1687 528 sub
1716 467 1988 550 primam
2031 490 2102 528 u-

148 566 280 607 eem
310 567 526 629 opera
561 550 995 610 Romanorum
1024 547 1320 631 pluribus
1358 547 1524 609 loeis
1557 567 1592 607 a
1720 548 1962 610 editur.
2013 552 2100 610 E-

147 642 285 689 rant
319 643 389 688 et
418 628 593 711 apud
614 627 739 692 hos
769 631 1030 714 provisa
1051 640 1296 700 cuneta,
1338 648 1589 711 quaque
1617 650 1660 713 p
1689 630 1965 692 urimum
2035 652 2106 693 e-

148 708 335 772 riculi
369 710 813 784 metuebatur,
864 707 1086 772 firmae
1117 707 1415 771 stationes
1435 712 1795 792 obpositae.
1840 732 1984 774 cum
2047 715 2105 776 is

150 788 364 873 itaque
404 790 748 872 confestim
796 812 944 854 acre
995 805 1326 853 certamen
1379 789 1803 854 contrahitur.
1875 795 2109 856 cadunt

152 874 477 954 utrimque
500 874 705 945 multi,
747 894 942 957 quum
959 886 1025 933 et
1040 891 1263 954 magna
1287 874 1642 932 animorum
1662 873 2106 950 contentione,

157 966 221 1012 et
251 973 528 1013 numero
558 953 976 1036 pugnantium
1015 973 1145 1013 non
1183 951 1659 1013 contemnendo
1701 967 1809 1015 res
1838 976 2104 1037 gerere-
2196 1003 2206 1014 .

152 1044 287 1106 tur,
347 1032 524 1093 haud
556 1033 966 1116 paucioribus
997 1033 1231 1116 viginti
1275 1034 1560 1094 millibus
1602 1033 1762 1097 urbe
1809 1057 1847 1097 e
1896 1038 2103 1112 ress'is,
2188 1018 2202 1050 ’

153 1129 223 1176 et
238 1114 488 1193 majore
518 1114 840 1197 aliquanto
884 1115 1290 1176 multitudine
1328 1112 1772 1177 obfidentium.
1908 1118 2106 1202 uippe

151 1195 473 1267 consules,
515 1196 859 1257 contractis
882 1217 963 1258 ex
986 1196 1187 1257 amica
1208 1194 1431 1258 Sicilia
1450 1195 1727 1269 auxiliis,
1768 1196 1914 1283 plus
1967 1221 2107 1261 uam

151 1291 414 1338 centum
444 1274 645 1337 millia
670 1274 1000 1338 hominum
1030 1275 1419 1340 effecerant:
1463 1297 1541 1340 ex
1571 1277 1805 1362 quibus
1826 1321 1843 1353 ‚
1887 1303 1919 1341 a
1995 1304 2105 1348 ex-

150 1353 518 1441 pediendos
553 1353 941 1421 commeatus
965 1355 1251 1443 aliasque
1286 1357 1693 1440 neceffitates
1712 1359 1979 1425 dimiffis
1996 1381 2105 1426 ee-

152 1441 316 1580 ffris
339 1483 356 1511 ,
402 1438 481 1505 ad
514 1437 922 1504 obsidionem
954 1440 1136 1502 urbis
1168 1438 1369 1504 millia
1402 1440 1609 1503 ferme
1642 1442 1968 1528 sexaginta
1995 1443 2106 1507 ad-

204 1537 370 1583 ncta.

274 1630 387 1692 tx.
440 1624 573 1692 Sed
616 1648 808 1712 quum
845 1648 926 1689 ex
968 1628 1144 1691 omni
1175 1642 1358 1713 parte
1388 1628 1811 1694 vehementer
1842 1628 2116 1696 dimica*

155 1725 377 1784 retur,
436 1709 705 1771 maxima
741 1711 917 1772 circa
963 1711 1288 1774 machinas
1335 1726 1474 1773 erat
1519 1713 2134 1797 contentiotxquasx

156 1791 267 1853 afli
296 1807 371 1854 ut
398 1805 935 1875 conrumperent,
977 1792 1090 1853 alii
1125 1805 1197 1854 ut
1223 1790 1689 1866 defenderent,
1731 1815 1873 1855 ,nun
1899 1797 2109 1878 magis

159 1895 310 1936 suae
337 1916 354 1947 ,
428 1893 614 1957 quam
640 1868 836 1935 hostis
860 1914 878 1944 ,
942 1874 1112 1936 vitae
1138 1875 1510 1957 parcebant.
1586 1873 2114 1957 Jacebatingena'

155 1976 385 2039 agmen
416 1954 774 2016 occisorum
804 1955 872 2015 in
901 1975 977 2016 ea
1002 1952 1306 2028 statione,
1351 1975 1537 2038 quam
1566 1954 1864 2017 tuendam
1886 1956 1963 2018 ab
1983 1957 2107 2019 ini-

154 2039 248 2100 tio
281 2049 618 2119 ceperant.
663 2035 935 2118 augebat
961 2035 1307 2098 clamorem
1339 2038 1795 2120 proeliantium
1827 2049 1891 2099 et
1914 2040 2108 2100 terri-

153 2118 339 2181 ficam
365 2115 771 2181 discriminis
801 2115 1034 2182 faciem
1063 2118 1187 2179 alia
1218 2117 1426 2189 turba,
1517 2138 1658 2191 uae,
1702 2117 1950 2183 facibus
1972 2134 2110 2181 tae·

152 2199 395 2286 disque
426 2212 685 2271 armata,
727 2218 850 2282 per
880 2199 1190 2282 pericula,
1271 2219 1344 2261 er
1381 2219 1493 2262 cae
1542 2221 1612 2261 es
1650 2221 1795 2262 suas
1831 2201 2109 2263 alienas·

152 2304 277 2366 que
311 2286 401 2345 ad
435 2280 841 2344 incendenda
876 2300 1076 2363 opera
1107 2300 1224 2344 rue
1273 2295 1373 2342 at:
1432 2281 1833 2365 propiusque
1871 2283 2113 2345 factum

152 2365 241 2428 est
274 2367 481 2437 nihil,
527 2383 714 2447 quam
745 2375 814 2424 ut
850 2361 1254 2446 pervicaciae
1281 2359 1547 2425 hostium
1577 2364 1766 2424 miles
1783 2365 2109 2427 Romanus

41 2486 42 2491 κ
149 2448 447 2519 cederet,
498 2443 953 2527 machinaeque
986 2443 1253 2505 defendi
1284 2444 1652 2526 nequirent.
1718 2443 1851 2505 Sed
1876 2445 2111 2507 Himil·
2170 2454 2403 2512 Ht'mftco

43 2695 46 2712 ⁸
152 2693 458 2778 receptui
489 2689 692 2762 dedit,
727 2707 1068 2782 pugnaque
1090 2688 1274 2771 prior
1297 2687 1580 2749 excellit.
1641 2708 1852 2771 neque
1878 2691 2044 2750 Rom

152 2551 232 2593 co
253 2573 272 2603 ,
315 2528 563 2591 multos
586 2545 850 2587 suorum
874 2524 1258 2587 occumbere
1294 2544 1568 2586 cernens
1586 2567 1603 2596 ‚
1655 2527 1976 2587 Romanos
2002 2548 2108 2587 au·
2131 2528 2293 2596 prior
2337 2531 2411 2580 se·-

151 2628 287 2676 tem
328 2613 420 2673 de
470 2608 706 2669 ardore
742 2605 1192 2690 propugnandi
1226 2605 1392 2667 nihil
1421 2605 1755 2668 remittere
1778 2647 1796 2680 ,
1858 2606 2111 2689 signum
2129 2612 2448 2733 §xxixn-

2046 2711 2110 2750 ἃ.
2379 2701 2396 2718 .

154 2778 220 2840 ni
253 2775 661 2844 institerunt,
723 2783 1009 2830 contenti
1043 2770 1316 2833 servatis
1353 2769 1660 2852 operibus
1684 2811 1700 2843 ,
1760 2790 1924 2854 quae
1955 2791 2112 2855 pro·

154 2854 514 2943 pemodum
542 2873 662 2936 pro
700 2850 933 2916 amiffis
962 2850 1083 2927 jam
1117 2847 1491 2912 habuerant.

279 2968 364 3026 X.
410 2960 713 3022 Proxima
751 2970 943 3019 nocte
970 2954 1327 3027 Hannibal,
1390 2954 1552 3017 clam
1583 2953 1903 3026 hostibus,
1939 2953 2112 3016 .dum
2146 2993 2209 3054 H
2319 2998 2363 3052 ‚b
2406 2999 2426 3046 Ι

152 3046 325 3110 fessi
361 3064 445 3105 ex
479 3041 734 3125 proelio
769 3039 905 3120 ejus
940 3037 1181 3099 abitum
1213 3037 1557 3101 observare
1585 3038 1761 3120 negli
1807 3050 1959 3108 unt,
2003 3058 2111 3110 na·
2136 3013 2447 3120 „⁶3:242ss

149 3131 376 3200 vibus,
425 3122 809 3208 quibuscum
833 3131 1123 3192 venerat,
1165 3123 1534 3202 Drepanum
1568 3118 1650 3178 ad
1680 3119 1782 3179 'Ad
1830 3116 2114 3186 erhalem
2139 3134 2442 3203 naeaelapsus,

151 3226 392 3275 vectus
428 3203 554 3268 est:
597 3201 889 3265 abductis
920 3222 1043 3260 una
1201 3200 1425 3271 itibus,
1467 3219 1665 3282 quos,
1710 3200 1782 3260 in
1803 3199 1970 3260 locis
1994 3199 2110 3260 im·-
2141 3201 2454 3270 Drepanum

148 3291 405 3376 peditis
424 3286 760 3349 adnullant
787 3302 925 3344 rem
959 3219 1227 3345 ohsgffis
1258 3282 1476 3353 utiles,
1519 3280 1676 3342 alibi
1705 3281 1935 3343 bonam
1953 3301 2113 3364 ope·
2137 3267 2298 3321 '⁸⁸3‘-

149 3396 295 3436 ram
323 3388 565 3433 navare
600 3365 778 3451 poss'e
811 3377 994 3426 recte
1025 3363 1440 3445 judicaverat.
1503 3362 1592 3421 Hi
1624 3363 1798 3424 enim
1818 3404 1835 3435 ,
1879 3383 1916 3422 a
1945 3363 2114 3423 Dre-

150 3477 328 3540 pano
369 3467 565 3532 saepe
603 3459 1020 3509 excurrentes
1042 3487 1059 3519 ‚
1104 3445 1306 3506 intuta
1347 3443 1669 3506 faciebant
1691 3444 1962 3516 itinera,
2007 3462 2113 3506 re·

148 3553 438 3620 rumque
476 3528 969 3592 necess'ariarum
1004 3526 1489 3587 subvectionem
1522 3523 1856 3586 difficilem
1877 3565 1894 3598 ,
1950 3523 2114 3586 mul·

148 3635 403 3701 tosque
441 3612 883 3697 pabulatorum
918 3608 1173 3690 longius
1204 3630 1239 3667 a
1285 3604 1503 3668 castris
1547 3607 1909 3689 vagantium
1938 3603 2115 3669 exci-

146 3700 434 3784 piebant
457 3736 474 3768 ‚
521 3694 737 3772 socios
786 3708 867 3752 ue
900 3694 1332 3753 Romanorum
1364 3689 1537 3749 omni
1561 3687 1836 3748 cladium
1871 3703 2113 3769 genere

146 3793 473 3841 vexantes
495 3818 514 3848 ,
556 3776 751 3849 consu
777 3794 881 3834 um
921 3772 1205 3834 rationes
1240 3791 1370 3832 non
1401 3769 1819 3831 mediocriter
1853 3781 2115 3831 contur-

56 3855 57 3896 3
148 3861 423 3924 habant.
486 3862 710 3941 Neque
746 3856 908 3916 mari
935 3869 1107 3917 tutas
1140 3854 1224 3916 iis
1256 3873 1366 3914 res
1396 3849 1723 3914 Adherbal
1752 3850 1881 3914 ess'e
1907 3847 2113 3933 patie-

224 4018 313 4073 (ζει
369 4011 564 4071 ‚vnn
603 4010 850 4070 Diodor.
922 4010 1069 4085 Cap.
1095 4009 1193 4066 lx,
1235 4001 1438 4079 Polyb.
1463 4005 1619 4073 1,4¹5.
1691 4006 1836 4081 Cap.
1864 4008 1938 4062 X.
1973 4001 2114 4061 Dio.

153 4085 289 4142 dor.
377 4101 607 4139 onai-as.
1346 4149 1413 4220 0

1469 4175 1508 4218 2

562 4323 595 4352 ὁ
662 4337 678 4346 -
