2717 4659
527 194 845 265 LIBRI
911 177 1313 265 DEG'lMl
1383 192 1838 267 OCTAVI.

2151 193 2292 294 169

180 422 255 490 Ti.
292 426 772 492 Coruncanius
824 427 1104 512 primus
1147 445 1233 490 ex
1285 426 1484 512 plebe
1532 426 1867 511 pontifex,
1922 428 2295 493 maximus

175 558 421 616 creatus
458 557 581 617 est.
639 552 720 615 P.
756 550 1212 635 Sempronius

1250 550 1555 635 Sophus,
1604 554 1730 619 M?
1781 552 2101 616 Valerius
2125 552 2295 615 Ma-

175 676 377 740 ximus
406 694 772 760 censores,
825 696 1050 761 quum
1082 683 1417 747 senatum
1449 677 1778 764 legerent,
1824 674 2173 751 tredecim
2189 694 2295 739 se·

175 807 317 864 natu
343 808 741 867 moverunt.
821 802 1136 866 lustrum
1164 798 1668 883 condiderunt,
1716 820 1853 885 quo
1880 819 2093 867 censa
2123 807 2296 867 sunt

175 925 392 989 civium
419 927 660 1011 capita
689 912 999 1019 ducenta
1029 926 1419 1013 nonaginta
1450 933 1711 1009 septem
1734 927 2000 1009 millia,
2037 926 2296 1009 septin-

172 1054 343 1134 genta
384 1052 779 1140 nonaginta
817 1056 1104 1134 septem.

1213 1051 1534 1139 Regulus
1572 1053 1842 1119 missus
1890 1073 1935 1118 a
1979 1049 2297 1116 Hartha-

172 1172 568 1260 giniensibus
603 1171 705 1239 ad
747 1183 1083 1242 senatum
1107 1224 1132 1260 ,
1171 1176 1270 1244 ut
1314 1176 1403 1242 de
1431 1198 1645 1262 pace,
1698 1184 1767 1242 et
1782 1178 1925 1272 ,ὴεί
1965 1194 2124 1240 eam
2158 1194 2298 1239 non

171 1305 369 1381 posset
394 1302 782 1385 impetrare
805 1347 831 1385 ,
881 1298 967 1366 de
1001 1292 1298 1386 captivis
1338 1299 1882 1368 commutandis
1915 1284 2180 1391 ageret,
2233 1304 2301 1365 et

176 1489 337 1546 victus
354 1492 418 1546 in
435 1492 680 1564 proelio
706 1489 889 1548 edidit
904 1491 1106 1558 Aldus,
1129 1503 1186 1546 et

173 1559 268 1627 post
294 1576 418 1612 eum
446 1561 696 1641 reliqui,
732 1579 915 1644 usque
946 1560 1020 1618 ad
1037 1563 1185 1615 Gru-

173 1633 327 1678 terum
341 1646 360 1693 3
414 1648 520 1702 qm
553 1630 1051 1703 praeposit-ionem
1068 1668 1084 1696 ‚
1127 1629 1185 1683 in

175 1692 303 1746 nullo
319 1696 446 1751 cod.
471 1697 727 1764 obviam,
756 1699 965 1753 omisit.
991 1700 1187 1755 victus

177 1770 223 1815 et
235 1774 433 1836 captus
462 1775 559 1822 est
574 1765 739 1821 Leid-
796 1770 862 1822 In
880 1767 1079 1821 verbis
1098 1784 1183 1819 se-

176 1832 448 1954 gentibus
489 1833 1031 1907 deformaverunt,
1069 1852 1184 1958 {ro

223 1895 561 1967 formavere
581 1942 597 1969 ‚
651 1909 822 1961 Voss.
868 1907 1044 1977 Berg.
1126 1920 1183 1956 o-

178 1971 264 2022 vel.
284 1980 336 2023 et
367 1970 600 2025 Boend.

1127 2042 1146 2071 s

232 2081 730 2144 'RCoruncanusJ
777 2085 1188 2139 Ti.Corunca·

177 2149 286 2226 nius
300 2161 416 2204 vet.
433 2151 543 2204 lib.
580 2151 886 2223 Triumphi
912 2150 1187 2226 Capitoli-

178 2233 248 2281 m,
278 2218 546 2289 Polybius
569 2257 584 2283 ,
637 2220 994 2291 Pomponius
1030 2217 1109 2279 [l.
1132 2237 1183 2272 α.

178 2280 296 2349 5.35.
318 2289 473 2344 et38.
494 2290 607 2347 D.]
647 2286 718 2342 de
748 2288 986 2360 Origine
1016 2287 1185 2355 juris.

179 2352 290 2406 Slss.
333 2357 393 2410 T.
438 2356 823 2413 Cornicanus
849 2355 1076 2414 Boend.
1124 2357 1188 2410 Τ.

182 2422 580 2480 Corinctianus
640 2426 814 2498 Bet-g.
872 2429 935 2483 T.
970 2427 1192 2480 Corun-

180 2506 335 2547 canns
381 2493 524 2546 Exc.
603 2493 832 2547 Pithoei
862 2534 878 2561 ,
948 2491 1189 2546 Norvic.

181 2567 224 2609 ct
274 2561 507 2614 Hearnii
574 2563 644 2615 N.
709 2561 844 2617 Tib.
917 2562 1196 2618 Corvica·

178 2643 267 2681 nus
281 2628 446 2682 Voss.
495 2630 780 2686 Tiberius
798 2631 1191 2686 Coruncanius

177 2692 340 2750 Lovel.
397 2698 540 2754 Tib.
581 2700 992 2755 Coruncarius
1026 2695 1188 2758 Leid.

178 2762 279 2818 Post
318 2766 654 2839 sigonium,
705 2767 967 2839 pontifici
1020 2765 1190 2818 maxi-

180 2846 252 2882 mo
284 2852 482 2888 verum
521 2850 736 2889 nomen
782 2835 1190 2901 vindicantem,

180 2900 408 2956 Freinsh.
431 2904 494 2956 in
517 2903 672 2978 Epit.
689 2903 816 2957 Liv.
835 2902 1068 2957 edidiss'e
1089 2902 1190 2955 mi-

180 2984 261 3046 rqr
282 2972 337 3025 T.
358 2974 778 3038 Coruncanus‚
816 2971 876 3025 in
905 2973 1189 3042 supplem.

182 3033 278 3090 Liv.
291 3040 452 3107 hujus
465 3040 606 3110 libri
624 3059 675 3093 c.
692 3043 780 3108 48.
813 3041 944 3097 Tib.
963 3043 1194 3096 Corun-

183 3121 358 3186 canus.
401 3112 788 3162 Praeeuntom
807 3109 1074 3164 Freinsh.
1106 3126 1191 3162 se-

183 3183 271 3226 cuti
301 3188 431 3231 sunt
468 3178 776 3247 Doujatius
817 3187 873 3231 et
907 3177 1189 3231 Clericus.

182 3239 289 3295 Mox
312 3247 563 3300 verbum
590 3255 685 3302 est
712 3245 907 3299 omisit
924 3245 1189 3300 Gronov.

182 3311 309 3378 quod
324 3316 653 3368 constanter
664 3324 723 3368 et
737 3314 970 3387 priores
984 3313 1117 3369 edd.
1136 3325 1198 3368 et

183 3391 348 3502 εωιῖθε
362 3383 590 3455 scripti,
626 3382 798 3437 etiam
814 3383 865 3437 N
869 3382 1054 3437 ervic.
1074 3400 1193 3438 eer-

213 3463 270 3501 an
295 3489 310 3503 .

237 3543 320 3624 Iis.
338 3543 740 3620 Sempronius
760 3543 1000 3613 Sophus
1015 3578 1036 3610 2
1088 3545 1197 3602 Va·

186 3603 348 3667 lenus
376 3615 710 3670 Maximus
735 3620 1051 3674 censores]
1116 3613 1192 3669 P.
1221 3634 1226 3639 ²

183 3673 551 3758 Sempronius
584 3680 847 3754 Sophus,
881 3685 978 3738 M.
1026 3680 1198 3740 Vale·

183 3759 288 3802 nus
303 3751 632 3806 Maximus
645 3768 924 3806 censores
943 3768 1011 3804 ex
1025 3749 1194 3823 Capi.

183 3813 265 3867 tol.
281 3816 759 3893 lapidibus2SIG.
799 3818 953 3873 Olim
980 3818 1191 3874 edeba-

184 3888 261 3934 tur
271 3889 358 3942 M
376 3887 778 3958 Sempronius
795 3887 1050 3961 Scopas,
1085 3891 1195 3945 Va·

186 3946 349 4009 lenus
368 3958 700 4012 Maximus
719 3974 996 4012 censores
1010 3976 1033 4026 3
1051 3964 1192 4029 quo·

184 4019 330 4075 modo
342 4025 418 4076 est
437 4023 494 4076 in
511 4024 739 4079 Boend.
759 4034 817 4079 et
833 4025 1073 4080 Norvic.
1096 4027 1193 4081 M.

183 4083 550 4163 Sempronius
577 4094 813 4167 Scopus
837 4111 1114 4152 censores
1134 4095 1196 4148 in

1255 1499 1427 1553 Voss.
1467 1498 1563 1550 M.
1588 1494 1988 1567 Sempronius
2020 1493 2300 1551 Valerius
2358 1476 2365 1491 ¹

1256 1566 1609 1630 Maximus,
1642 1566 1702 1619 C.
1728 1564 2127 1637 Sempronius
2159 1561 2299 1616 Sco·
2401 1579 2411 1586 ·

1253 1651 1370 1704 pus
1399 1651 1677 1703 censores
1703 1632 1761 1684 in
1780 1634 1954 1703 Berg.
1982 1646 2171 1701 neque
2199 1627 2323 1680 ali-⁸·

1257 1712 1349 1754 ter
1367 1701 1425 1753 in
1443 1699 1642 1753 Lovcl.
1667 1699 1777 1753 nisi
1804 1699 1961 1770 quod
1986 1697 2204 1776 Scofus
2220 1696 2298 1749 le·

1257 1778 1350 1842 gat
1370 1808 1386 1835 ‚
1428 1779 1485 1822 et
1504 1787 1709 1822 vocem
1741 1787 2017 1824 censores
2050 1773 2294 1819 omittat.

1256 1843 1351 1896 M.
1390 1838 1789 1909 Sempronius
1839 1835 2118 1893 Valerius
2155 1836 2298 1888 ,Μα-

1255 1909 1497 1970 ximus,
1549 1907 1655 1960 Cn.
1697 1905 2095 1975 Sempronius
2129 1902 2297 1957 Stro-

1254 1975 1412 2045 phus
1442 1991 1719 2028 censores
1732 1972 1893 2025 Leid.
1917 1970 2297 2040 Ill-Sempro·

1256 2044 1399 2099 nius
1417 2042 1693 2097 Valerius
1705 2040 2298 2104 Maximns‚c.8em-

1255 2110 1511 2180 pronius
1547 2110 1735 2164 Sceva
1774 2106 2010 2162 Hearnii
2035 2108 2106 2163 N.
2179 2104 2296 2158 Pri-

1257 2196 1383 2232 mus
1410 2177 1666 2231 Froben.
1700 2195 1812 2248 pro
1847 2178 2106 2247 Scopas,
2146 2189 2299 2227 anno

1265 2249 1415 2305 1531.
1444 2257 1603 2300 recte
1622 2245 1863 2300 restituit
1884 2243 2144 2319 Sophus.
2185 2238 2302 2296 Sed

1259 2315 1649 2370 totumlocum
1677 2312 1745 2367 acl
1761 2314 1927 2367 fidem
1948 2324 2301 2367 marmorum

1262 2384 1515 2467 Capitol.
1544 2382 1872 2436 emendavit
1900 2381 2169 2454 Sigonius
2189 2417 2204 2441 ‚
2241 2377 2302 2430 in

1263 2471 1424 2520 cujus
1451 2450 1673 2504 scholio
1699 2468 1809 2522 per
1831 2467 2095 2504 errorem
2124 2448 2299 2500 libra-

1263 2522 1488 2576 riorum
1510 2520 1677 2575 exstat
1692 2524 1785 2576 M.
1809 2519 2104 2583 Valerius,
2126 2530 2302 2587 quum

1262 2609 1296 2643 o
1347 2591 1480 2642 time
1503 2588 1560 2641 in
1586 2598 1858 2642 contextu
1882 2589 1964 2642 M
1968 2589 1994 2645 ζ’
2023 2585 2302 2641 Valerius
2330 2614 2337 2619 -

1262 2677 1293 2712 e
1341 2660 1356 2711 i
1389 2655 1627 2711 curarit.
1658 2660 1732 2711 V.
1754 2655 1926 2710 etiam
1948 2653 2213 2727 Pighium
2243 2650 2301 2717 in

1261 2725 1470 2793 Annal.
1498 2723 1571 2777 ad
1589 2722 1721 2778 dnn.
1744 2741 1908 2808 mcp.
1925 2726 2012 2791 442
2051 2717 2302 2777 Laudari

1262 2797 1441 2867 igitur
1462 2792 1700 2865 nequit,
1741 2791 2008 2846 Freinsh.
2040 2789 2136 2863 qui
2170 2807 2299 2861 sup·

1260 2868 1554 2940 plemento
1582 2864 1747 2929 hujus
1765 2861 1902 2914 libri
1923 2862 1973 2912 ὁ.
1993 2863 2082 2925 48.
2104 2857 2303 2911 itidem

1261 2948 1618 2988 marmorum
1671 2930 1901 2997 illorum
1957 2929 2303 2999 scripturam

1261 2999 1520 3073 recepit,
1562 3009 1813 3052 attamen
1838 2996 1897 3050 in
1917 2997 2071 3067 Epit.
2096 2992 2302 3049 edidis-

1261 3090 1321 3126 se
1351 3071 1423 3127 P.
1445 3067 1858 3140 Sempronius,
1900 3067 1988 3122 M.
2030 3062 2307 3121 Valerius

1264 3138 1595 3197 Maximus
1641 3153 1938 3191 censores.
1998 3133 2070 3185 Et
2098 3129 2302 3185 nihilo-

1262 3208 1450 3260 minus
1501 3203 1961 3260 Freinshemium
2007 3201 2308 3254 imitantur

1262 3271 1568 3341 Doujatius
1585 3283 1643 3326 et
1663 3270 1944 3326 ClericuS.
1999 3267 2174 3340 Apud
2191 3270 2303 3320 Va·

1261 3344 1373 3398 ler.
1405 3345 1559 3396 Max.
1600 3361 1651 3408 2,
1676 3352 1731 3407 9,
1765 3358 1819 3408 7.
1853 3357 1970 3393 non
2006 3341 2101 3394 M.
2138 3334 2306 3393 Vale·

1261 3415 1394 3469 rius
1410 3447 1427 3477 ‚
1465 3419 1529 3464 ut
1555 3409 1788 3464 nuncin
1817 3407 2047 3475 optimis
2066 3406 2307 3458 circum·

1262 3481 1484 3544 fertur,
1540 3477 1644 3533 sed
1675 3481 1759 3535 M
1765 3480 1790 3535 :²
1825 3475 2105 3535 Valerius
2140 3481 2203 3529 et
2229 3472 2305 3530 P.

1262 3550 1686 3619 Sempronius,
1723 3565 1791 3601 ex
1821 3543 2025 3599 iisdem
2059 3548 2307 3595 marmo-

1263 3617 1449 3681 ribu8‚
1487 3615 1802 3689 utPighius
1831 3612 2077 3678 monuit,
2118 3627 2312 3665 emen·

1265 3682 1517 3739 dandum
1536 3685 1628 3738 est.
1675 3685 1812 3738 Mox
1827 3688 2112 3738 senatum
2131 3696 2305 3751 rege·

1264 3760 1422 3820 rent,
1453 3768 1564 3824 pro
1580 3752 1878 3826 legerent,
1903 3747 2064 3804 Leid.
2082 3757 2139 3802 et
2156 3749 2301 3801 Lov.
2380 3800 2387 3805 ,

1262 3819 1381 3878 Sed
1398 3838 1614 3893 regere
1644 3832 1704 3875 et
1726 3821 1938 3894 legere
1970 3816 2144 3870 etiam
2165 3815 2308 3868 alibi

1260 3892 1322 3945 in
1339 3892 1505 3945 Mstis
1530 3897 1975 3944 commutantur.
2031 3887 2106 3941 V.
2132 3885 2156 3945 (
2172 3887 2203 3917 ⁴¹⁸
2233 3882 2308 3937 ad

1260 3961 1349 4026 32,
1370 3978 1422 4025 7,
1443 3978 1493 4013 2.
1511 3958 1721 4012 Markl.
1745 3954 1817 4010 ad
1830 3953 1995 4009 Statii
2019 3972 2064 4007 ι.
2090 3951 2232 4008 Silv.
2252 3970 2302 4016 α,

1264 4028 1425 4094 267.)
1469 4028 1540 4080 N.
1580 4025 1878 4079 Heinsium
1927 4020 2000 4075 ad
2035 4019 2208 4076 Ovid.
2246 4021 2302 4074 3.

1262 4096 1408 4150 Fast.
1429 4098 1553 4163 462.
1594 4094 1795 4149 Pess'im
1825 4090 2000 4146 etiam
2025 4089 2230 4143 literae
2250 4087 2306 4144 1.
