2717 4659
388 213 501 287 26³
588 325 595 334 ι

1202 199 1730 283 ΕΡῙΤΟΜΕ

1108 789 1846 880 ΕΡΙΤΟ,ΜΕ

849 994 1216 1064 LIBRI

1334 991 2117 1057 DUODECIMI.

474 1241 493 1249 ’
593 1242 846 1334 Quum
885 1247 1104 1353 legati
1138 1247 1646 1311 Romanorum
1680 1262 1727 1307 a
1767 1242 1999 1308 Gallis
2043 1241 2435 1310 Senonibus
2458 1243 2576 1308 in-

392 1353 984 1461 terfecti'essent,
1034 1375 1217 1442 bello
1262 1372 1344 1439 ob
1391 1369 1470 1437 id

1520 1370 1751 1436 Gallis
1798 1367 2067 1436 indicto
2095 1416 2121 1454 ,
2192 1368 2273 1433 L.
2321 1366 2581 1432 Caeci-

321 1529 363 1564 ,ι
396 1495 542 1562 lius
571 1504 868 1583 praetor
912 1519 1079 1565 cum
1118 1497 1511 1586 legionibus
1552 1494 1640 1564 ab
1682 1496 1771 1560 iis
1812 1512 2068 1561 caesus
2106 1503 2231 1561 est.
2305 1490 2580 1580 Quum

393 1640 442 1685 a
498 1603 891 1690 Tarentinis
937 1623 1196 1689 classis
1238 1626 1580 1690 Romana
1624 1619 1902 1706 direpta
1944 1629 2173 1707 esset,
2227 1617 2579 1685 duumvi-

393 1764 521 1831 ro,
574 1748 696 1832 qui
722 1733 1059 1833 praeerat
1092 1750 1310 1815 classi
1327 1769 1378 1833 ,‘
1423 1750 1695 1832 occisa,
1749 1744 2008 1835 legati,
2058 1743 2159 1811 ad
2209 1763 2328 1809 eos
2366 1764 2413 1807 a
2456 1761 2577 1834 ‚se-5

455 1937 540 2022 ⁶1..
563 1938 875 2021 Caecilius
904 1949 1158 2015 praetor
1190 1960 1331 1997 cum
1366 1939 1449 1995 le·

393 2006 691 2128 {mnibus
713 2007 888 2064 abiis
906 2029 1123 2066 caesus
1136 2017 1258 2071 est]
1282 2012 1451 2063 Hunc

445 2074 742 2131 cecilium
790 2087 1142 2149 praetorem
1205 2078 1450 2132 Orosius

400 2144 492 2208 [3.
516 2160 601 2196 υ.
622 2150 643 2205 J
668 2153 726 2196 et
743 2144 1084 2217 Augustinus
1103 2149 1154 2210 3,
1180 2165 1262 2214 17·
1301 2144 1447 2199 indi-

320 2231 331 2242 ‘
398 2222 551 2276 cant.
567 2211 771 2281 Polyb.
794 2219 999 2293 2‚[19.]
1033 2214 1289 2269 Λεύκιον
1309 2230 1448 2294 spa-

397 2278 587 2349 ·zaepyov
618 2281 898 2348 nominat,
933 2301 992 2336 m
1012 2284 1250 2355 ejusque
1269 2280 1451 2335 occisi

1519 1958 1580 2012 p.
1600 1940 1722 2009 3⁰9·
1745 1950 1803 1993 et
1817 1941 1940 1996 310.
1959 1938 2273 2003 statuendo,
2289 1935 2581 2009 primum,

1520 2009 1681 2074 cuius
1711 2006 1986 2088 Polybius
2022 2008 2310 2071 meminit,
2348 2004 2578 2077 proeli-

1518 2095 1615 2131 um
1651 2075 1911 2130 accidill'e
1941 2095 2093 2129 anno
2126 2092 2350 2130 conix.
2374 2089 2581 2144 eoque

1562 2145 1749 2199 eriill'e
1781 2146 1849 2198 L.
1873 2143 2201 2210 ¹Caecilium
2231 2132 2605 2198 consulem-tl

1558 2214 1685 2281 ujus
1704 2223 1895 2266 autem
1914 2212 2129 2283 proelii
2145 2211 2437 2276 orosium,
2452 2209 2581 2263 Au-

1520 2282 1827 2356 gustinum,
1850 2291 1909 2333 et
1937 2291 2238 2334 auctorem
2269 2279 2584 2351 Epitomes

396 2348 594 2401 locum
627 2349 932 2404 suffectum
949 2352 1058 2405 effe
1078 2353 1167 2407 M?
1185 2349 1447 2405 Curium.
1517 2350 1733 2405 nullam
1766 2349 2121 2402 mentionem
2148 2348 2361 2403 fecill'e.
2417 2348 2582 2401 Con,

402 2417 548 2471 SIG.
590 2421 665 2472 V.
698 2419 820 2473 Jac.
853 2419 1119 2488 Gronov.
1153 2418 1225 2476 ad
1240 2418 1447 2488 Polyb.

403 2505 455 2552 2,
481 2504 563 2552 ¹9·
599 2486 774 2540 DUR.
833 2487 1005 2556 Circa
1032 2487 1258 2543 initium
1283 2486 1452 2551 hujus
1474 2543 1480 2548 ,

400 2553 543 2609 belli
572 2572 689 2607 non
723 2555 994 2610 convenit
1026 2556 1179 2612 inter
1208 2554 1321 2612 scri
1366 2565 1453 2608 to-

402 2622 858 2678 res.Secundum
869 2625 1163 2695 Polyb.l.l.
1181 2642 1310 2680 cum
1379 2624 1453 2677 al-

405 2690 475 2748 lis
512 2692 807 2747 Arretium
853 2692 1253 2750 obsidentibus
1281 2710 1454 2766 proe-

401 2761 489 2815 lio
521 2763 848 2834 congress'us
878 2763 1127 2819 Λεύκιος
1166 2780 1342 2829 svam]
1391 2761 1457 2814 ds

405 2828 637 2884 cecidit.
725 2831 862 2898 Ejus
910 2831 1119 2887 deinde
1171 2848 1338 2886 succe
1385 2845 1457 2882 or

406 2898 655 2956 Μάνιος
686 2899 909 2967 Κύριος
935 2900 1154 2972 legatos
1194 2900 1269 2953 de
1298 2896 1453 2952 redi-

404 2965 629 3020 mendis
648 2966 893 3040 captivis
910 2968 1095 3036 misit,
1134 2986 1280 3041 quos
1300 2965 1455 3021 Galli

405 3034 846 3090 interfecerunt.
884 3038 1104 3092 Eorum
1133 3041 1328 3111 itaque
1354 3052 1453 3089 ne-

404 3120 535 3157 cem
585 3114 650 3157 ut
708 3104 1131 3161 ulciscerentur
1186 3103 1453 3168 Romani,

358 3194 363 3200 ·
404 3183 537 3225 cum
571 3171 643 3225 iis
677 3174 909 3245 proelio
940 3174 1238 3248 congressi
1273 3172 1455 3227 victo-

401 3239 549 3295 riam
564 3251 965 3314 reportarunt.
984 3245 1222 3310 Contra,
1245 3242 1291 3298 si
1307 3244 1455 3297 Oro·
1495 3245 1498 3250 “

405 3308 554 3364 sium
575 3320 629 3363 et
643 3310 1014 3381 Augustinum
1032 3313 1175 3368 locis
1193 3310 1346 3368 laud.
1372 3328 1455 3365 se·

356 3399 365 3406 ¹
404 3396 671 3450 quamur‚
707 3379 972 3447 Romani,
1010 3382 1310 3437 audientes
1324 3379 1456 3434 Gal·

402 3450 493 3528 lqs
527 3447 602 3502 Se
648 3468 788 3504 ones
822 3468 951 3503 cum
982 3450 1247 3517 LucaniS‚
1284 3452 1455 3503 Brut·

405 3516 502 3571 tiis
523 3555 541 3580 ‚
625 3518 967 3585 amnitibus‚
1007 3529 1066 3575 et
1100 3518 1357 3574 Etruscis
1386 3514 1459 3570 de

406 3585 567 3641 hello
591 3587 707 3642 sibi
742 3586 1054 3643 inferendo
1084 3586 1456 3661 conspirass‘e,

407 3651 596 3709 missis
629 3654 834 3728 legatis
860 3675 959 3712 eos
993 3675 1237 3713 exorare
1267 3653 1461 3710 conati

409 3732 564 3778 sunt.
604 3727 854 3792 Verum,
887 3726 1090 3798 legatis
1113 3724 1459 3790 interfectis,

407 3789 485 3846 ad
553 3810 756 3847 eorum
818 3813 1019 3850 necem
1073 3792 1464 3850 ulciscendam

405 3860 710 3985 Profectus
730 3862 1017 3919 Caecilius
1036 3875 1277 3937 praetor
1287 3878 1460 3950 proe-

432 3947 488 3983 ιο
523 3930 763 3985 interiit.
817 3933 892 3988 Iis
918 3933 1014 3989 hic
1045 3935 1331 3988 consentit
1365 3949 1460 3983 au-

406 4009 540 4053 ctor
570 3999 997 4071 Epitomarum.
1062 4004 1334 4061 Diversas
1366 4020 1464 4055 eo-

404 4085 538 4123 rum
586 4072 967 4142 manationes
1030 4089 1091 4128 se
1148 4074 1465 4132 conciliare
1536 4088 1635 4132 aut
1662 4076 1795 4131 edd.
1836 4074 2065 4133 Deinde
2094 4074 2299 4155 Polyb.
2333 4075 2598 4132 secundo

406 4139 567 4211 poil’e
581 4137 771 4195 credit
782 4145 995 4201 Merul-
1012 4147 1086 4202 ad
1100 4147 1466 4220 Eun-fragm.

1520 2417 1628 2474 suli
1677 2416 1892 2470 deinde¹
1941 2417 2254 2471 interfecto
2307 2415 2581 2471 substitu-

1520 2499 1642 2542 tum
1657 2485 1747 2539 M?
1768 2485 2009 2541 Curium
2025 2486 2247 2559 legatos
2278 2485 2349 2539 ad
2373 2483 2586 2540 Gallos

1520 2555 1726 2609 misill'e
1746 2593 1765 2621 ‚
1801 2554 1900 2628 qui
1930 2572 2029 2608 eos
2048 2565 2348 2609 necarunt.
2401 2552 2587 2606 Anno

1525 2623 1736 2679 deinde
1772 2619 2037 2696 sequenti
2074 2641 2274 2679 cmxx.
2334 2619 2589 2677 Caecilii

1525 2692 1771 2750 consulis
1801 2693 2043 2747 fratrem
2062 2692 2376 2749 Caecilium
2402 2707 2586 2763 prae-

1523 2774 1712 2817 torem
1748 2781 1882 2816 cum
1908 2762 2088 2816 Gallis
2120 2763 2368 2816 alterum
2397 2775 2585 2832 proe-

1522 2831 1663 2886 lium
1696 2830 2067 2898 commisill'e‚
2107 2832 2271 2898 cujus
2299 2824 2586 2882 memori-

1525 2918 1615 2955 am
1648 2911 1885 2971 praeter
1909 2900 2113 2970 Polyb.
2149 2906 2457 2968 servarunt
2490 2905 2585 2948 et-

1524 2969 1638 3022 iam
1655 2970 1828 3023 Oros.
1845 2967 2201 3039 Augustin.et
2218 2977 2424 3023 auctor
2435 2963 2583 3035 Epi'-

1523 3049 1665 3092 tom.
1722 3037 1798 3091 Ut
1830 3046 2019 3089 autem
2048 3036 2393 3094 sententiam
2417 3032 2582 3087 veri·-

1526 3105 1771 3161 similem
1790 3102 2014 3172 reddat,
2047 3104 2194 3161 duos
2219 3106 2330 3159 hoc
2348 3113 2586 3173 tempo-

1523 3192 1591 3229 re
1621 3175 1834 3229 fratres
1869 3173 2174 3241 Caecilios,
2212 3189 2461 3247 quorum
2496 3170 2584 3236 al-

1524 3254 1616 3298 ter
1654 3244 1780 3301 Titi
1806 3261 2163 3314 praenomen
2193 3240 2397 3297 habuit
2417 3277 2435 3306 ‚
2468 3238 2582 3293 flo-

1524 3307 1696 3365 ruiss‘e
1716 3305 1891 3366 tlo'cet
1915 3329 1982 3365 ex
2000 3311 2187 3366 Plinio
2208 3330 2263 3372 η.
2295 3313 2369 3364 H.
2388 3310 2460 3363 N.
2484 3308 2613 3380 28„

1531 3382 1604 3457 Q.
1635 3382 1894 3445 Ennius,
1935 3382 1998 3435 'P-
2032 3380 2375 3440 Caecilium
2406 3379 2578 3433 Den-

1526 3461 1685 3507 trem
1699 3449 2080 3521 fratremque
2096 3448 2228 3523 ejus
2243 3448 2591 3522 praecipue

1526 3520 1832 3584 miratus,
1877 3528 2132 3593 propter
2175 3536 2278 3575 eos
2321 3524 2587 3575 sextum

1528 3584 1766 3659 adjecit
1797 3587 2111 3645 annalem.
2175 3597 2347 3658 atque
2378 3603 2447 3640 ex
2481 3602 2585 3654 eo-

1529 3655 1662 3709 dem
1686 3658 1858 3712 Plinii
1888 3659 2023 3712 loco
2048 3657 2142 3711 hic
2181 3657 2244 3712 T.
2270 3653 2591 3710 Caecilius

1526 3735 1781 3811 praetor
1809 3724 2180 3781 scribendum
2205 3723 2460 3792 conjicit.
2511 3722 2591 3776 E-

1528 3814 1618 3865 Jus
1633 3804 1824 3862 tamen
1843 3794 2186 3849 sententiam
2207 3794 2468 3866 probare
2481 3809 2604 3846 ne-=

1531 3882 1684 3937 queo
1704 3867 1894 3920 varias
1926 3865 2003 3919 ob
2037 3864 2268 3918 cauffas.
2306 3863 2504 3917 Primo
2524 3880 2585 3916 e-

1530 3937 1650 3990 nim
1673 3936 1732 3990 in
1746 3933 2133 4008 praenomine
2154 3934 2395 3992 Caecilii
2414 3951 2591 4008 prae-

1533 4006 1683 4061 toris
1716 4008 1859 4060 nihil
1889 4007 1981 4059 hic
2020 4014 2241 4058 mutant
2268 4006 2373 4061 ulli
2407 4004 2587 4061 codd.

1534 4147 1768 4222 proelio
1793 4149 2089 4207 Romanos
2111 4148 2418 4204 victoriam
2437 4146 2596 4201 obti-
