2717 4659
258 361 535 434 o.c.489.

304 728 361 780 V
354 727 540 779 olsim‘-

261 799 362 864 eust
368 813 454 848 um
462 793 579 858 ser·

263 882 318 917 ω
348 867 580 935 puniun-

265 947 383 987 tur.

312 1437 523 1489 Civium

265 1505 533 1569 censorum

266 1591 541 1628 numerus.

604 157 716 221 138
768 157 1328 231 anmsimmn
1343 118 2490 243 SUPPLEMENTORUM-L1B.V1.

716 364 1007 426 XXXIX.
1049 367 1263 433 Porro
1301 365 1452 427 dum
1482 367 1550 428 in
1597 366 1816 429 Sicilia
1852 366 2153 428 Claudius
2186 365 2558 427 Hieronem

599 454 667 508 et
695 448 957 508 Poenos
988 447 1190 510 vincit
1211 464 1242 520 ,·
1266 445 1662 513 obfidionem
1687 447 2180 513 Volfiniensium
2205 447 2282 507 ad
2307 448 2555 507 exitum

601 527 865 588 deduxit
907 527 1071 590 alter
1102 527 1321 590 consul
1349 533 1439 589 Μ.
1470 529 1761 601 ΡαΙνίιιε,
1805 531 1917 613 qui
1954 510 2271 600 bomine&
2320 527 2558 589 adver-

603 630 711 669 sus
744 608 875 693 vim
926 608 1375 693 desperatione
1418 610 1706 684 validoS,
1765 610 1983 694 inopia
2021 631 2239 673 rerum
2267 609 2556 670 neceffa-

603 690 842 751 riarum
880 704 944 752 et
971 690 1138 755 fame
1177 689 1444 753 domuit.
1529 693 1723 755 Facta
1758 692 2092 754 deditione
2122 692 2440 773 ingratum
2471 690 2558 755 il-

601 770 715 832 lud
750 783 814 832 et
851 771 1134 834 insolens
1167 772 1622 835 libertinorum
1658 774 1887 856 vulgus
1940 794 2086 833 cum
2122 773 2407 833 cruciatu
2452 772 2562 831 in»

604 865 811 914 terem
859 867 991 913 tum
1029 852 1153 917 est:
1220 855 1374 915 urbs
1410 853 1602 915 etiam
1632 853 1764 937 ipsa
1796 854 2008 915 diruta
2026 866 2062 914 :N
2119 853 2357 936 reliqui
2390 852 2562 916 Vol-

607 933 818 996 sinien
867 955 1011 1007 um,
1083 950 1149 998 et
1182 935 1357 1019 quod
1403 956 1739 997 servorum
1784 934 1975 997 fidem
2014 950 2204 1019 atque
2244 954 2566 1009 reveren-

604 1016 756 1076 tiam
790 1036 943 1098 erga
974 1016 1271 1079 dominos
1303 1038 1434 1078 non
1467 1032 1754 1090 exuerat,
1796 1019 1865 1077 in
1900 1018 2236 1078 attributas
2270 1014 2426 1076 alibi
2451 1024 2566 1074 se-

607 1096 842 1158 des'‘m'
897 1113 1220 1161 raverunt.
1306 1100 1450 1160 Hoc
1491 1120 1618 1182 quo
1665 1120 1747 1159 ue
1784 1100 2023 1178 bellum
2048 1098 2308 1180 dignum
2329 1096 2566 1156 trium·

654 1179 739 1238 ho
769 1178 833 1240 vi
865 1200 970 1245 um
1005 1177 1129 1242 est:
1193 1201 1466 1263 eumque
1503 1121 1722 1243 consul
1743 1182 1819 1242 A.
1840 1182 1921 1240 D.
1943 1178 2259 1241 Ralendas
2277 1182 2569 1240 Novem-

603 1201 758 1321 Eres
779 1301 796 1334 ‚
841 1274 1158 1344 tamquam
1194 1261 1273 1323 de
1305 1260 1796 1326 Volsiniensibus
1820 1304 1836 1334 ‚
1883 1263 2039 1345 egit.

726 1388 863 1446 XL.
907 1386 1144 1448 Iisdem
1187 1385 1554 1448 consulibus
1592 1411 1626 1448 a
1664 1390 1777 1449 Cn.
1814 1387 2160 1457 Cornelio,
2210 1387 2278 1446 C.
2307 1382 2569 1445 Marcio

606 1465 980 1530 censoribus
1026 1466 1286 1529 lustrum
1337 1468 1702 1530 conditum:
1772 1469 1957 1531 censa
2003 1481 2149 1528 sunt
2184 1465 2417 1526 civium
2457 1486 2571 1526 ca-

603 1550 738 1634 pita
766 1548 1038 1609 ducenta
1064 1549 1552 1635 nonagintaffluo
1574 1551 1795 1623 millia,
1850 1550 2118 1623 ducenta
2146 1547 2381 1629 viginti
2403 1568 2572 1629 qua-

604 1645 790 1702 tuor:
847 1651 1151 1692 numerus
1190 1651 1341 1692 sane
1373 1652 1637 1726 magnus
1671 1647 1734 1694 et
1770 1628 2237 1715 propemodum
2274 1626 2574 1687 incredi-

604 1711 792 1783 hilis,
853 1724 950 1771 tot
991 1711 1313 1772 bellorum
1345 1735 1377 1770 a
1412 1714 1640 1780 ommis
1681 1714 1890 1774 ferme
1924 1711 2104 1772 urbis
2142 1708 2349 1771 initiis
2375 1729 2572 1767 num-

545 1794 561 1803 ⁴
595 1802 796 1886 'quam
829 1792 1196 1852 cess'antium
1227 1786 1527 1852 continua
1572 1794 1953 1855 detrimenta
1977 1836 1993 1866 ,
2046 1805 2143 1853 tot
2167 1812 2244 1852 ex
2264 1788 2574 1872 pestilen-
2598 1841 2611 1853 ,

607 1888 695 1934 tia
725 1873 1099 1957 morbisque
1147 1873 1528 1934 sacvissimis
1563 1897 1687 1935 non
1721 1877 2008 1936 minores
2045 1872 2301 1934 bellicis
2326 1868 2576 1955 strages

610 1953 964 2047 cogitanda
1034 1957 1331 2016 Ceterum
1385 1955 1528 2033 aliis
1577 1956 1848 2039 aliisque
1899 1954 2171 2017 sub-inde
2205 1951 2467 2036 populis
2500 1951 2576 2011 in

553 2118 564 2122 -
609 2035 936 2097 civitatem
981 2035 1378 2118 recipiendis
1404 2078 1420 2107 ‚
1497 2037 1671 2132 quod
1708 2036 2054 2098 institutum
2089 2057 2123 2095 a
2162 2032 2424 2095 Romuli
2469 2054 2578 2092 sa-

294 2258 581 2334 Pop.Rom.

272 2351 335 2385 ex
394 2347 586 2383 mcum-

273 2401 438 2454 modis
464 2400 588 2452 ala-

273 2470 421 2522 crior
435 2485 516 2520 re·

273 2538 469 2613 surgit.

289 2672 590 2742 Rerumpu·

278 2743 566 2802 micarum,

278 2798 414 2880 quai
428 2825 518 2861 ar-

277 2890 393 2932 cane
411 2876 422 2885 ‘
444 2892 589 2947 pere-

277 2948 466 3015 grinos
480 2978 498 3011 ‚
542 2955 592 2996 et

281 3030 416 3083 quae
461 3013 592 3067 reci·

277 3084 592 3164 piunnfomf

278 3163 523 3222 paratu.

609 2117 853 2200 pientia
885 2116 1253 2199 profectum
1295 2114 1533 2199 posteri
1575 2116 1933 2180 constanter
1964 2114 2347 2186 tenuerunt,
2396 2112 2578 2173 invi-

613 2211 714 2259 cta
736 2199 1057 2280 nullisque
1082 2197 1370 2258 cladibus
1404 2199 1790 2282 superabilis
1813 2198 2039 2261 effecta
2060 2195 2145 2258 est
2163 2193 2536 2279 respublica
2559 2215 2580 2255 e

614 2297 799 2362 quam
841 2299 961 2339 nec
995 2301 1027 2339 a
1059 2277 1309 2359 Pyrrho
1354 2278 1496 2340 data
1535 2280 1795 2354 damna,
1831 2301 2041 2365 neque
2077 2275 2406 2359 naufragia
2429 2275 2575 2336 fre-

614 2359 873 2444 quentia
895 2360 1107 2442 primo
1148 2360 1400 2435 Punico
1439 2362 1631 2433 benc,
1680 2383 1892 2446 neque
1934 2358 2227 2422 -secundo
2256 2353 2601 2434 'sgafime-'

611 2462 732 2500 nus
775 2453 840 2500 et
871 2443 1126 2502 Cannae
1202 2455 1504 2504 otuerunt
1536 2442 1868 2527 affligere,
1916 2444 2075 2527 quin
2110 2462 2189 2503 ex
2218 2440 2582 2509 incommo-

614 2521 715 2584 dis
754 2522 889 2584 suis
926 2523 1132 2584 identi
1181 2543 1282 2584 em
1327 2524 1602 2586 alacrior
1640 2525 2060 2609 ferocior-que
2095 2520 2492 2603 resurgeret.

732 2653 896 2713 XLI.
950 2650 1037 2713 At
1069 2652 1138 2711 in
1176 2653 1449 2717 Graecia
1478 2653 2007 2726 Lacedaemonii,
2067 2652 2332 2716 militari
2378 2649 2612 2713 laude'

617 2747 684 2796 et
711 2733 841 2816 ipsi
871 2732 1291 2815 percelebres
1317 2777 1333 2807 ,
1397 2755 1610 2817 neque
1643 2736 1923 2819 impares
1965 2736 2289 2797 Romanae
2319 2733 2580 2806 virtuti,

618 2814 919 2898 quoniam
962 2816 1268 2875 arcebant
1293 2817 1698 2899 peregrinos
1724 2860 1741 2890 ‚
1785 2838 1906 2879 nec
1952 2816 2333 2900 imperium,
2400 2813 2588 2896 quod

618 2908 1027 2980 pepererant,
1079 2896 1191 2956 diu
1211 2939 1227 2967 ‚
1272 2919 1485 2981 neque
1524 2897 1889 2960 libertatem
1919 2918 2092 2959 suam
2117 2916 2378 2981 semper
2398 2895 2584 2956 tueri

618 2990 987 3061 potuerunt.
1053 2977 1171 3038 sed
1204 2984 1413 3059 quum‘
1445 2981 1783 3040 Leuctrica
1816 2999 2030 3064 pugna
2066 2980 2241 3040 mille
2282 2980 2413 3037 n'on
2442 2996 2585 3035 am-

621 3059 790 3142 plius
833 3059 1187 3142 Spartiatae
1227 3060 1639 3133 cecidiss'ent‚
1683 3063 1980 3144 protinus
2022 3060 2306 3144 potentia
2348 3057 2584 3120 civita-
2686 3054 2687 3095 ἶ

621 3140 706 3200 tis
736 3139 1002 3200 corruit.
1050 3143 1288 3200 Iterum
1321 3143 1400 3202 ad
1431 3141 1748 3205 Sellasiam
1775 3141 2431 3204 Lacedaemoniorum
2463 3159 2589 3199 sex

621 3221 833 3282 ferme
871 3218 1241 3282 desideratis
1287 3224 1608 3296 millibus,
1668 3222 1870 3285 statim
1910 3224 2119 3284 amiss'a
2155 3222 2422 3283 libertas
2467 3217 2582 3280 est.
2682 3266 2687 3271 -

624 3301 869 3364 Achaei
902 3322 1101 3375 vero,
1164 3303 1453 3384 ejusdem
1509 3300 1946 3388 Peldponnesi
1986 3302 2269 3376 inco'lae,
2323 3301 2587 3366 vicinos

627 3402 849 3445 omnes
879 3403 1086 3466 aequo
1117 3383 1259 3463 jure
1296 3389 1646 3470 complexi,
1709 3385 2209 3470 pulcherrimam
2239 3380 2587 3446 constitue-
2686 3424 2687 3427 η

624 3478 775 3525 runt
804 3464 1260 3547 rempublicam
1281 3510 1298 3541 ‚
1366 3481 1432 3528 et
1460 3468 1808 3529 mansuram
1830 3511 1846 3540 ‚
1909 3468 2036 3527 nisi
2070 3471 2416 3528 Romanam
2456 3484 2586 3546 po-

623 3546 888 3608 tentiam
909 3589 925 3618 ‚
977 3559 1110 3606 tum
1145 3546 1334 3608 etiam
1370 3550 1562 3632 longe
1593 3551 1847 3632 lateque
1888 3550 2308 3644 imperantem
2332 3590 2348 3619 ‚
2414 3546 2590 3606 insa-

545 3656 550 3661 *
628 3628 735 3688 nia
769 3647 1119 3713 paucorum
1146 3629 1212 3689 in
1241 3633 1601 3713 perniciem
1638 3653 1810 3693 suam
1838 3645 2212 3715 patmaeque
2232 3648 2595 3711 provocas-

569 3780 577 3787 ,
633 3723 752 3770 set.
838 3709 1036 3793 Atqui
1084 3723 1211 3771 tam
1248 3713 1538 3775 diversus
1584 3729 1873 3783 eventus&
1906 3711 2182 3773 instituta
2223 3725 2351 3771 tam
2405 3708 2591 3771 diffi-

703 3858 846 3930 Cap.
872 3864 1119 3918 XXXIX.
1156 3863 1345 3920 Liv.E
1394 3862 1457 3916 it.
1484 3864 1565 3917 16.
1605 3861 2258 3932 ZonaraS.Fass.iCapit.
2296 3862 2587 3932 Cap.XL.

631 3925 929 4004 LivAEpit.
959 3936 1037 3989 16.
1076 3935 1321 4005 Eutrop.
1368 3952 1440 3986 .2.
1479 3929 2292 3997 διιίᾱαείῐιῬωμαίωνπόλίς.
2332 3934 2473 3985 Tac.
2498 3956 2588 3991 ιι.
2628 3950 2635 3959 ‘

634 3999 786 4053 Anu.
806 4007 889 4069 24.
959 4005 1104 4074 Cap.
1122 4005 1267 4059 XLI.
1289 4002 1529 4070 Dionys.
1553 4003 1737 4057 Halic.
1761 4025 1813 4071 2,
1836 4022 1917 4073 17.
1953 4004 2104 4058 Plut.
2124 4002 2588 4113 inAgesil.¹c.49.

609 4070 787 4150 *Plun
809 4073 870 4126 in
892 4073 1178 4129 Cleom.c.
1195 4078 1284 4142 [μ.
1321 4069 1518 4125 Justin.
1539 4074 1626 4139 34,
1656 4091 1703 4125 1.
