2717 4659
682 233 764 314 54
814 237 1378 300 FREINSHEMH
1417 223 2245 299 SUPPLEMENTORU'M
2281 236 2437 296 Lm.
2473 235 2622 297 111.

209 441 212 460 '
284 457 293 466 ’
339 442 408 499 U.
431 463 482 499 e.
511 446 635 522 473..
681 451 923 502 rerent.
1008 438 1095 502 At
1128 442 1417 524 Pyrrhus
1450 442 1520 503 in
1549 443 1676 505 hoc
1710 413 1938 528 agmen¹
1977 439 2358 525 elephantos
2387 440 2518 523 ’agi
2584 440 2686 522 ju

679 521 823 592 bet,
867 520 1042 606 ipsos
1098 544 1356 611 quoque
1405 525 1475 586 in
1526 525 1824 587 ultimum
1865 537 2190 585 terrorem
2236 519 2529 585 hostium
2573 544 2683 584 re

683 616 997 665 servatos.
1338 605 1346 626 ²
1421 625 1428 634 ·
2391 613 2397 622 '

389 722 621 776 Romani
799 710 938 774 Vll.
986 710 1058 774 Id
1084 710 1414 775 confilium
1456 708 1706 775 adflixit
1741 734 1770 774 s
1821 732 1892 775 es
1922 714 2268 784 Romanas,
2310 725 2687 787 eventum·

336 793 651 868 vincuntur.
679 812 804 875 que
842 794 1040 856 totius
1074 815 1332 878 ‚pugnae
1377 793 1730 857 secundum
1766 736 2087 876 {yn-rhum
2127 793 2329 856 dedit.
2398 814 2570 855 nam
2628 816 2687 856 e·

672 873 974 937 homines
1046 875 1176 958 ipsi
1227 874 1542 938 vastorum
1573 935 1578 946 ,
1606 897 1956 960 corporum
2017 876 2190 940 mole
2219 918 2238 949 ,
2317 875 2687 946 ,terribili-

679 977 805 1040 que
837 956 1328 1041 superssantium
1349 972 1739 1021 armatorum
1773 958 1993 1041 specie
2031 955 2354 1043 stupentes
2377 998 2396 1029 ‚
2444 958 2687 1041 quod·

677 1038 777 1100 vis
826 1035 1045 1122 potius
1105 1040 1339 1123 ingens
1386 1053 1455 1103 et
1507 1039 1924 1102 formidabile
1963 1054 2371 1123 portentum,
2461 1061 2687 1123 quam

678 1121 1044 1194 animalium
1073 1144 1107 1184 a
1144 1135 1370 1184 natura
1399 1122 1864 1206 productorum
1896 1123 2168 1186 formam
2198 1121 2432 1183 videre
2467 1121 2687 1183 vide-

677 1200 952 1266 bantur:
998 1218 1063 1266 et
1094 1204 1245 1290 equi
1265 1248 1282 1277 ‚
1327 1205 1410 1266 ad
1443 1204 1852 1289 conspectum
1883 1202 2280 1288 odoremque
2317 1215 2384 1264 et
2415 1199 2687 1264 strido-

679 1304 822 1345 rem
858 1299 1013 1364 tum⁴
1030 1287 1310 1369 primum
1337 1286 1615 1348 visarum
1643 1286 2007 1348 belluarum
2035 1285 2375 1364 exterriti,
2434 1287 2687 1370 proti-

679 1388 802 1428 nus
838 1367 1117 1444 consulis
1149 1367 1513 1441 ordinibus,
1557 1390 1681 1453 qua
1705 1368 1940 1453 cuique
1961 1367 2325 1464 proximum
2349 1380 2520 1440 erat,
2547 1367 2687 1429 ab-

681 1448 1127 1531 ripiebantur,
1174 1451 1585 1534 sess'oresque
1627 1450 1733 1514 vel
1768 1449 2215 1530 excutiebant,
2265 1449 2372 1513 vel
2411 1447 2687 1511 frustra

675 1532 1038 1594 renitentes
1081 1551 1300 1595 secum
1330 1532 1712 1616 auferebant
1736 1533 1803 1594 in
1828 1526 2046 1616 fug'am
2065 1574 2083 1605 ‚
2127 1546 2194 1595 et
2220 1575 2237 1606 ,
2280 1531 2346 1592 in
2376 1552 2687 1593 suorum

678 1613 882 1684 aciem
934 1613 1346 1677 incurrentes
1371 1657 1392 1688 ,
1481 1613 1694 1678 omnia
1741 1614 2178 1699 trepidatione
2236 1612 2686 1696 tumultuque

676 1694 1081 1766 miscebant..
1118 1696 1481 1781 Insequutis
1508 1697 2001 1782 elephantorum
2033 1696 2429 1768 rectoribus,
2459 1695 2683 1757 multi

676 1775 1069 1859 fugientium
1105 1777 1182 1839 ab
1221 1779 1343 1852 iis,
1390 1779 1600 1864 quiin
1640 1778 1930 1842 turribus
1956 1779 2311 1850 belluarum
2341 1774 2680 1839 constite-

679 1873 860 1932 rant,
904 1860 1228 1924 vulnerati
1259 1876 1444 1924 sunt:
1520 1862 1745 1945 plures
1783 1861 1861 1922 ab
1904 1859 2265 1946 elephantis
2296 1857 2445 1942 ipfis
2488 1879 2677 1919 con-

378 1986 447 2040 n
557 1988 606 2041 h.
642 1990 657 2003 .
680 1938 838 2002 fecti
867 1941 1245 2026 obtritique.
1333 1943 1487 2017 Sed,
1529 1943 1789 2006 consule
1819 1944 2032 2004 omnia
2071 1939 2675 2026 experto,·cobae-

356 1990 655 2126 equffl'mss
679 2022 864 2085 rebat
900 2036 1245 2109 utcumque
1283 2027 1499 2103 acies3
1558 2025 1768 2089 donec
1799 2025 2065 2087 immiffa
2098 2022 2331 2105 Pyrrhi
2360 2022 2674 2106 imperio

398 2127 601 2183 virtus.
640 2149 648 2160 .
681 2104 1038 2167 'l'hess'alica
1073 2107 1170 2169 ala
1202 2108 1368 2170 male
1400 2105 1757 2208 refistentes
1787 2107 1994 2192 fregit
2029 2105 2440 2194 disiecitque.

476 1095 486 1124 1

800 2237 968 2301 Vm.
1029 2225 1256 2323 Neque
1306 2235 1572 2300 dubium
1611 2235 1923 2312 habetur,
2001 2235 2156 2323 quin
2195 2258 2275 2300 eo
2314 2238 2450 2299 situ
2486 2237 2664 2315 loci,

684 2340 814 2402 quo
848 2333 984 2381 tum
1017 2321 1310 2383 conclusi
1342 2319 1749 2391 tenebantur,
1795 2319 1970 2381 caesi
2006 2341 2227 2383 omnes
2262 2318 2516 2404 captive
2542 2320 2664 2383 fo-

682 2414 865 2473 rent,
910 2402 1001 2474 ni,
1046 2417 1309 2485 praeter
1343 2397 1874 2464 consuetudinem
1910 2400 2176 2483 Pyrrhi,
2223 2403 2332 2488 qui
2360 2401 2485 2462 hoc
2521 2402 2662 2463 im-

680 2484 1079 2568 peratoriurn
1119 2484 1384 2546 rebatur
1413 2526 1432 2558 ,
1485 2503 1618 2543 non
1700 2484 2078 2546 ertinaciter
2115 2482 2346 2546 instare
2385 2483 2659 2567 fugien-

679 2565 855 2628 tibus
887 2609 904 2637 ‚
951 2587 1033 2628 ne
1070 2565 1197 2628 alio
1227 2580 1524 2649 tempore
1555 2504 2004 2662 deliperatione
2034 2561 2257 2629 salutis
2287 2566 2498 2628 acrius
2535 2588 2658 2628 re-

683 2646 1019 2721 sisterent,
1081 2648 1272 2710 etiam
1309 2667 1634 2745 praeceps
1676 2667 1741 2708 m
1787 2647 2119 2732 vesperam
2159 2648 2301 2710 dies
2350 2646 2576 2729 regios
2612 2672 2654 2712 a

232 2797 237 2800 ,
390 2770 488 2824 ΕΙ,
528 2735 651 2825 hm*
679 2729 1136 2814 persequendo
1185 2729 1496 2791 desistere
1556 2727 1884 2816 coegiss'et.
1968 2729 2232 2810 Adiuvit
2270 2731 2454 2792 etiam
2500 2729 2653 2810 for-

339 2849 429 2896 m,
476 2789 656 2893 521„ss
681 2825 832 2873 tuna
885 2811 1196 2896 reliquias
1247 2811 1537 2874 infelicis
1592 2811 1956 2886 exercitus,
2020 2811 2195 2896 quod
2235 2805 2646 2898 elephantus»,

337 2919 496 2962 ratus
527 2923 652 2964 cm-
682 2883 950 2977 accep¹to
988 2895 1255 2956 vulnere
1290 2890 1665 2967 conversus,
1711 2894 1904 2955 etiam
1941 2908 2199 2955 ceteros
2227 2893 2472 2956 barritu
2500 2907 2650 2954 tur-

370 2992 465 3028 ros
498 2990 619 3032 tur·
680 2975 878 3038 bavit.
964 2979 1058 3038 Ea
1095 2997 1244 3049 res,
1304 2988 1554 3036 morata
1603 2973 1855 3051 hostes»,
1917 2975 2191 3060 spatium
2238 2973 2645 3059 fugientibus

433 3046 550 3100 ‘W‘-
683 3058 904 3129 dedit,
949 3079 1112 3143 quo,
1172 3055 1534 3142 transmiss'o
1577 3078 1797 3131 amne,
1855 3058 2208 3141 pervenire
2244 3058 2309 3118 in
2343 3055 2646 3139 Apuliam

680 3141 971 3223 poss'ent3
1037 3141 1259 3223 ibique
1305 3139 1490 3201 urbis
1532 3138 1860 3218 cujusdam
1902 3140 2366 3202 munitionibus
2407 3136 2644 3199 adver..

684 3244 794 3283 sus
841 3221 1071 3284 instans
1126 3224 1490 3306 periculum
1543 3235 1943 3304 tegerentur.
2032 3223 2224 3284 Caesa
2276 3241 2354 3284 eo
2382 3220 2644 3303 proelio

680 3305 1127 3366 Romanorum*
1170 3305 1628 3400 sociorumque
1672 3305 1966 3388 peditum
2004 3303 2205 3364 millia
2249 3301 2639 3388 quatuorde-

683 3386 847 3460 cim,
924 3400 990 3448 et
1037 3401 1380 3471 praeterea
1417 3399 1827 3469 octingentos
1884 3386 2289 3470 septuaginta
2330 3383 2636 3466 reperi03

605 3464 609 3469 ’
684 3468 1001 3531 ducentos
1047 3468 1467 3554 quadraginta
1508 3489 1623 3531 sex
1664 3468 1951 3551 equites:
2011 3482 2233 3553 captos
2268 3467 2337 3529 in
2376 3463 2637 3527 univer-

686 3573 823 3612 sum
861 3552 1040 3612 mille
1072 3551 1485 3634 octingentos
1524 3550 1902 3624 duodecim,
1962 3549 2029 3610 in
2058 3549 2159 3611 his
2196 3549 2442 3634 equites
2467 3546 2633 3611 duos

678 3645 751 3693 et
768 3632 1216 3717 octingentos:
1260 3633 1475 3695 amiss'a
1503 3633 1683 3721 signa
1712 3633 2015 3694 militaria
2044 3630 2171 3692 duo
2205 3633 2282 3693 et
2302 3629 2544 3713 viginti.

704 3787 707 3798 ,
797 3740 915 3834 IX.
965 3739 1111 3826 Quo
1135 3739 1339 3835 magis
1380 3739 1588 3801 miror
1609 3782 1626 3812 ,
1672 3754 2004 3813 auctores,
2052 3738 2163 3822 qui
2190 3738 2348 3799 haec
2375 3750 2487 3798 tam
2519 3736 2632 3798 ad-

683 3836 903 3884 curate
935 3821 1269 3906 exsequuti
1308 3835 1457 3882 sunt
1481 3863 1498 3895 ,
1542 3842 1806 3907 negare,
1848 3841 2186 3900 numerum
2222 3842 2302 3882 ex
2325 3820 2501 3901 regio
2520 3840 2630 3880 ex-

681 3928 775 3939 ‘—

679 4031 684 4038 ,
749 3971 1019 4043 Cap-VI.
1057 3971 1331 4026 Frontin.
1362 3972 1617 4046 Strateg.
1656 3991 1705 4037 2,
1735 3973 1790 4037 4.
1863 3969 2008 4041 Cap.
2040 3969 2176 4040 YII.
2225 3969 2456 4023 Pausan.
2499 3969 2539 4024 l.
2567 3987 2617 4025 ι.

268 4063 289 4126 s
680 4041 929 4108 Flor.'1‚
969 4041 1050 4095 18.
1090 4040 1239 4095 Plin.
1265 4040 1323 4109 8,
1357 4044 1413 4097 6.
1459 4044 1740 4100 Zonaras,
1777 4039 1932 4104 Plut,
2006 4039 2150 4123 Cap.
2173 4038 2330 4093 VIII.
2367 4038 2620 4093 Frontin.

508 4135 516 4152 κ
680 4110 935 4182 Strateg.
958 4112 1081 4176 2‚6.
1120 4110 1433 4184 Eutrop.l.
1458 4131 1509 4169 2.
1549 4111 1827 4165 Zonaras.
1868 4106 2616 4168 Gotefmdusviterbiensis.

679 4177 939 4252 Gap.1X.
980 4182 1155 4235 Oros.
1175 4185 1232 4250 4,
1261 4199 1310 4236 ι.
2589 4197 2590 4206 ’
