2717 4659
561 188 651 248 m
689 170 991 249 [Locum
1021 141 1196 283 Lus.
1236 189 1405 253 xvt.
1453 191 1674 255 mvn.
1732 211 1745 218 -
1996 201 2109 273 ²47

151 392 317 453 xime
343 395 542 456 modo
583 408 837 477 captum
867 416 902 455 a
931 394 1237 456 Romanis
1273 395 1697 478 Agrigentum
1734 394 1858 468 est,
1906 398 2104 482 septi·
2165 400 2235 456 U.
2253 403 2441 471 c.491.

148 494 311 534 mum
350 474 526 536 intra
567 476 881 548 m'ensem,
930 498 1116 560 quam
1154 474 1428 537 obsideri
1472 493 1809 560 coeperat:
1881 500 2107 562 magna

148 575 281 615 cum
302 556 587 619 utilitate
613 558 949 640 gloriaque
983 557 1207 640 populi
1235 561 1526 631 Romani,
1575 559 1691 620 sed
1719 562 1914 620 multa
1944 582 2102 643 quo-

149 657 266 718 que
307 639 649 718 sanguinis
699 639 999 721 impensa.
1085 638 1326 721 quippe
1368 660 1558 721 supra
1598 640 1862 721 triginta
1896 642 2103 704 homi·-
2184 636 2373 702 Μεθ’*

150 738 293 777 num
339 719 546 780 millia
592 720 1038 780 dte-consulum
1075 721 1367 781 exercitu
1402 720 1893 806 Siculorumque
1930 725 2102 783 auxi..
2131 721 2385 822 '.‘”'!'ff“³

150 797 274 870 liis,
320 800 503 858 inter
525 798 698 861 istam
731 800 1121 862 obsidionem
1159 803 1328 861 varia
1351 800 1525 884 peste
1543 803 1900 885 perierunt.
1965 804 2104 887 Qua
2132 789 2329 890 ζ’,ἷάζ-Μῗ,
2357 773 2440 893 ⁰3]

153 877 226 939 de
243 881 482 952 caussa,
530 883 719 942 simul
751 882 901 977 quia
937 882 1102 943 nihil
1126 881 1251 964 jam
1283 902 1546 964 magnae
1581 884 1680 944 rei
1711 886 1791 944 ob
1820 884 2105 960 'hiemem
2133 911 2424 975 mrfforum.
2462 954 2471 962 ,

149 980 262 1042 pro
312 961 582 1044 inquam
611 965 853 1047 susc1pi
882 978 1134 1047 poterat
1165 1004 1181 1034 ,
1234 963 1571 1024 Mess'anam
1601 965 1957 1026 redierunt.
2352 1042 2359 1049 ἱ

323 1044 438 1103 lx.
498 1045 689 1106 Anno
727 1044 963 1106 deinde
1008 1045 1304 1127 proximo
1344 1045 1806 1129 cumimperio
1846 1047 2105 1109 iverunt
2160 1064 2446 1137 [LO-49&
2492 1096 2499 1101 -

149 1119 214 1181 in
246 1122 547 1183 Siciliam
574 1127 649 1184 Ι..
674 1125 974 1189 Valerius
1002 1129 1089 1186 M.
1118 1127 1193 1185 F.
1226 1128 1315 1185 M.
1353 1130 1428 1186 Ν.
1459 1128 1727 1188 Flaccus
1748 1140 1816 1188 et
1844 1131 1920 1187 Τ.
1948 1129 2102 1190 Ota-
2164 1137 2225 1188 L.
2253 1142 2289 1192 ’ν
2310 1138 2422 1191 ale-

148 1203 338 1263 cilius
373 1205 452 1264 C.
499 1205 574 1264 F.
618 1205 713 1265 M?
754 1210 830 1267 N.
873 1206 1122 1267 Crass'us
1154 1205 1449 1268 consules
1473 1247 1490 1277 ,
1552 1208 1883 1289 prioribus
1921 1209 2102 1271 duci·
2129 1204 2456 1284 1'592T·0t²-

144 1281 387 1344 hus-ad
426 1305 612 1381 spem
643 1287 955 1370 triumphi
997 1289 1264 1348 Romam
1300 1287 1368 1348 di
1415 1288 1620 1353 rems.
1674 1288 2102 1373 -Carthagini-
2147 1274 2283 1335 111110
2305 1274 2437 1330 11011·

145 1364 333 1426 enses
379 1366 682 1450 quidem,
755 1369 941 1431 claffe
977 1382 1293 1453 tamquam
1338 1308 1419 1430 az
1469 1368 1819 1432 vastandam
1862 1372 2105 1434 Italiam

144 1446 360 1519 miffa,
401 1466 614 1512 novos
647 1447 938 1512 consules
972 1472 1008 1510 a
1038 1450 1298 1513 Siciliae
1332 1470 1486 1512 cura
1515 1448 1813 1514 distinere
1839 1454 2104 1550 cupive-

145 1542 307 1588 rant.
358 1529 480 1590 sed
507 1530 556 1589 ii
577 1562 601 1603 ·‚
652 1529 1006 1593 constitutis
1047 1532 1291 1594 circum
1325 1532 1518 1593 litora
1558 1533 1771 1616 globis
1807 1534 2103 1610 militum,
2206 1582 2213 1587 .

146 1610 255 1702 qui
287 1609 660 1693 praedones
682 1628 1011 1684 arcerent,
1055 1612 1471 1676 nihilominus
1504 1614 1570 1675 in
1591 1615 1857 1677 insulam
1894 1628 2104 1678 trans-

144 1705 466 1770 jecerunt.
551 1696 737 1754 Tunc
772 1714 1028 1778 quoque
1057 1696 1251 1757 multa
1288 1695 1650 1756 Siculorum
1679 1697 1914 1779 oppida
1939 1699 2003 1758 in
2027 1698 2103 1759 fi-

145 1771 286 1835 dem
326 1786 632 1856 recepta,
686 1777 936 1838 recenti
970 1776 1169 1837 cladis
1211 1776 1676 1859 Agrigentinae
1712 1780 2006 1863 exemplo
2036 1791 2104 1849 et

147 1869 350 1915 metu:
395 1875 614 1938 neque
659 1856 1110 1919 obsistentibus
1139 1858 1419 1929 Poenis,
1465 1878 1627 1940 quos
1668 1880 1868 1942 super
1903 1881 2099 1943 proc·
2129 1883 2434 1938 pomfuaf.

148 1934 298 1995 lium
348 1937 690 1998 adversum
730 1939 919 2000 etiam
965 1938 1320 2001 seditiones
1354 1940 1900 2002 mercenariorum
1930 1942 2099 2003 mili·
2124 1957 2263 2005 tione
2302 1972 2433 2007 mer-

147 2028 272 2076 tum
317 2018 681 2099 angebant,
735 2019 939 2082 Gallis
985 2019 1337 2104 praecipue
1384 2020 1467 2081 ob
1509 2019 1810 2082 mensium
1856 2023 2102 2118 aliquot
2124 2025 2354 2074 cenario.

147 2095 457 2180 stipendia
499 2122 630 2161 non
665 2100 870 2162 soluta
912 2102 1463 2164 tumultuantibus.
1523 2101 1601 2163 ad
1636 2123 1797 2186 quos
1825 2124 2097 2187 pumen-
2126 2092 2246 2141 ’ΨΜ
2271 2109 2366 2149 ‘⁸²⁸‘

148 2177 259 2240 dos
293 2181 593 2242 fraudem
626 2180 941 2262 ejusmodi
971 2196 1367 2245 commentus
1402 2178 1488 2243 est
1518 2180 1769 2245 Hanno.
2122 2170 2346 2226 guntur.
2392 2261 2396 2269 ι

157 2308 163 2315 .
257 2263 395 2321 LX.
426 2263 999 2333 Sermoneblando
1028 2266 1351 2346 mitigatos
1378 2262 1704 2327 modicum
1731 2264 1810 2326 ad
1841 2278 2096 2348 tempus
2158 2296 2216 2346 ln
2231 2295 2318 2346 lais
2336 2313 2432 2366 pu,

145 2344 488 2424 quiescere
524 2344 740 2425 jubet:
786 2346 914 2406 sibi
961 2344 1089 2405 eII‘e
1132 2357 1370 2406 certam
1417 2359 1481 2406 et
1517 2349 1946 2430 propinquam
1980 2369 2094 2430 op·-
2123 2364 2331 2415 „iendis
2404 2412 2417 2439 l

140 2423 277 2505 pidi
313 2426 650 2505 cujusdam
684 2427 1026 2510 locupletis
1059 2427 1419 2510 occupandi
1453 2448 1634 2510 spem
1662 2425 1935 2490 ostendit
1957 2451 1985 2493 ε.
2019 2449 2097 2489 ex
2111 2431 2434 2512 fraquan·

147 2504 278 2583 ejus
364 2508 561 2573 raeda
595 2507 909 2585 cumulate
941 2509 1145 2570 Gallis
1177 2508 1372 2569 etiam
1401 2528 1520 2591 pro
1548 2511 1888 2573 solutionis
1918 2531 2097 2571 mora
2123 2517 2297 2554 nonas.

143 2530 544 2650 satisfactum
582 2589 668 2653 iri
713 2587 1067 2651 confirmat.
1148 2590 1239 2653 Ita
1276 2589 1514 2653 sedatis
1565 2590 1731 2662 illis,
1804 2590 2096 2673 adeoque

143 2670 380 2750 gratias
415 2672 777 2753 agentibus,
825 2692 909 2753 op
959 2685 1192 2732 ortuno
1231 2685 1545 2754 tempore,
1589 2691 1734 2731 cum
1767 2672 2095 2755 dispensa-

143 2762 284 2810 tore
324 2771 448 2812 suo
468 2794 485 2823 ,
531 2773 719 2836 quem
749 2694 1022 2814 hahefiat
1051 2750 1478 2814 fideliss'i'mum
1501 2795 1516 2825 ,
1563 2752 1728 2834 agit,
1773 2768 1841 2815 ut
1873 2753 2095 2837 specie

145 2832 554 2915 transfugae,
601 2849 916 2917 tamquam
951 2832 1306 2897 rationibus
1337 2832 1722 2897 interversis
1747 2875 1764 2905 ‚
1818 2836 1909 2899 ad„
1936 2834 2093 2896 Ota-

146 2913 362 2973 cilium
401 2914 726 2976 consulem
763 2930 1108 2998 pergeret,
1165 2913 1480 2977 indicaret
1529 2935 1645 2981 ue.
1711 2931 1900 2981 nocte
1939 2936 2091 2999 pro-

146 2994 302 3054 xima
333 2997 668 3059 Gallorum
698 2997 899 3064 millia
932 3010 1204 3080 quatuor
1225 3037 1242 3068 ‚
1281 2995 1386 3063 ,ad
1431 2938 1658 3058 uilem
1702 2998 2091 3064 Entellinam

185 3075 555 3147 roditorum
586 3100 780 3162 opera
818 3076 1255 3162 recipiendam
1287 3092 1597 3139 venturos
1620 3118 1637 3153 ,
1682 3078 1909 3139 locatis
1929 3079 2089 3139 insi-

141 3095 260 3219 giis
297 3156 762 3222 circumveniri
797 3160 996 3243 poss'e.
1046 3157 1299 3229 Consul,
1342 3178 1480 3219 rem
1511 3179 1637 3220 non
1667 3154 2090 3244 spernendam

142 3238 527 3313 arbitratus,
590 3242 748 3303 licet
796 3241 1166 3324 transfugae
1219 3259 1352 3300 non
1397 3240 1656 3302 omnino
1708 3240 2088 3317 confideret,

142 3321 334 3382 mittit
375 3320 687 3384 delectam
721 3321 996 3384 militum
1032 3342 1305 3383 manum.
1384 3322 1649 3384 veniunt
1688 3337 1754 3385 et
1797 3324 1966 3384 Galli
2011 3322 2087 3384 ab

141 3400 461 3464 Hannone
495 3403 771 3488 decepti.
842 3400 1386 3486 Consurgentibus
1423 3401 1500 3463 ad
1522 3403 1641 3465 hos
1664 3404 2086 3487 excipiendos
2195 3440 2346 3494 Gau,-
2450 3473 2454 3477 .

142 3483 451 3544 Romanis
474 3527 491 3557 ‚
540 3487 750 3547 oritur
777 3487 1095 3582 proelium
1126 3498 1343 3563 atrox,
1388 3484 1460 3544 in
1494 3504 1620 3569 quo
1654 3486 1822 3547 Galli
1862 3507 2084 3547 omnes
2114 3509 2430 3563 mamam·

139 3563 508 3638 interfecti,
559 3588 752 3650 quum
788 3567 976 3627 inulti
1016 3565 1357 3627 noluiss'ent
1387 3568 1806 3638 occumbere,
1851 3567 2087 3652 duplex
2133 3578 2418 3631 Poenorum

135 3644 441 3709 Hannoni
483 3647 780 3730 gaudium
808 3647 1243 3731 praebuerunt
1264 3690 1279 3718 ,
1329 3647 1870 3709 conductitiorum
1907 3650 2082 3711 inso·
2110 3648 2425 3700 cadmum·

133 3723 400 3788 lentiam
443 3747 587 3789 cum
616 3728 885 3806 hostium
918 3727 1088 3791 haud
1132 3728 1365 3812 exiguo
1404 3728 1793 3792 detrimento
1825 3753 1957 3803 non
1985 3732 2082 3792 in-

135 3809 367 3869 callide
408 3809 786 3872 vindicanti.
1237 3846 1242 3851 ·

175 3957 552 4029 Cap.LVIII.
589 3957 835 4013 Diodor.
852 3961 1129 4014 Zonaras.
1202 3959 1506 4032 Cap.L1x.
1544 3958 1791 4032 Eutrop.
1826 3959 1867 4014 l.
1888 3977 1938 4014 s.
1974 3961 2080 4016 Zo-
2132 3958 2143 3968 '

134 4042 323 4082 naras.
357 4025 568 4095 Polyb.
605 4027 873 4081 Frontin.
902 4028 1148 4103 Strateg.
1166 4029 1221 4096 3,
1245 4033 1324 4088 ιθ.
1363 4039 1422 4084 et
1446 4032 1723 4083 Zonaras.
1777 4030 1943 4102 Cap.
1962 4029 2079 4083 Lx.

138 4093 401 4150 Frontiu.
432 4092 685 4150 Diodor.
723 4095 987 4153 Frentin.
1285 4136 1300 4145 -
1335 4169 1403 4239 R
1455 4193 1496 4239 2
