<?xml version="1.0" encoding="UTF-8"?>
<!DOCTYPE html PUBLIC "-//W3C//DTD XHTML 1.0 Transitional//EN"
    "http://www.w3.org/TR/xhtml1/DTD/xhtml1-transitional.dtd">
<html xmlns="http://www.w3.org/1999/xhtml" xml:lang="en" lang="en">
 <head>
  <title>
</title>
<meta http-equiv="Content-Type" content="text/html;charset=utf-8" />
  <meta name='ocr-system' content='tesseract 3.04.00' />
  <meta name='ocr-capabilities' content='ocr_page ocr_carea ocr_par ocr_line ocrx_word'/>
</head>
<body>
  <div class='ocr_page' id='page_1' title='image "./tliviipatavinih07unkngoog_0216.png"; bbox 0 0 2717 4659; ppageno 0'>
   <div class='ocr_carea' id='block_1_1' title="bbox 240 401 569 466">
    <p class='ocr_par' dir='ltr' id='par_1_1' title="bbox 240 401 569 466">
     <span class='ocr_line' id='line_1_1' title="bbox 240 401 569 466; baseline -0.006 -9"><span class='ocrx_word' id='word_1_1' title='bbox 240 459 247 466; x_wconf 72' lang='grc'><strong><em>,</em></strong></span> <span class='ocrx_word' id='word_1_2' title='bbox 266 401 354 457; x_wconf 52' lang='lat' dir='ltr'>Ua·</span> <span class='ocrx_word' id='word_1_3' title='bbox 367 420 421 456; x_wconf 80' lang='lat' dir='ltr'>e.</span> <span class='ocrx_word' id='word_1_4' title='bbox 440 401 569 459; x_wconf 77' lang='grc'><strong>503.</strong></span> 
     </span>
    </p>
   </div>
   <div class='ocr_carea' id='block_1_2' title="bbox 282 577 603 836">
    <p class='ocr_par' dir='ltr' id='par_1_2' title="bbox 282 577 603 836">
     <span class='ocr_line' id='line_1_2' title="bbox 321 577 603 629; baseline 0.004 -1"><span class='ocrx_word' id='word_1_5' title='bbox 321 577 506 629; x_wconf 81' lang='lat' dir='ltr'><em>Fames</em></span> <span class='ocrx_word' id='word_1_6' title='bbox 550 586 603 629; x_wconf 74' lang='lat' dir='ltr'>ee</span> 
     </span>
     <span class='ocr_line' id='line_1_3' title="bbox 283 644 568 698; baseline -0.014 0"><span class='ocrx_word' id='word_1_7' title='bbox 283 648 460 698; x_wconf 77' lang='lat' dir='ltr'>morbi</span> <span class='ocrx_word' id='word_1_8' title='bbox 508 644 568 695; x_wconf 66' lang='lat' dir='ltr'>in</span> 
     </span>
     <span class='ocr_line' id='line_1_4' title="bbox 282 710 601 778; baseline -0.009 -12"><span class='ocrx_word' id='word_1_9' title='bbox 282 714 471 778; x_wconf 71' lang='lat' dir='ltr'>castris</span> <span class='ocrx_word' id='word_1_10' title='bbox 495 710 601 764; x_wconf 77' lang='lat' dir='ltr'>Ro.</span> 
     </span>
     <span class='ocr_line' id='line_1_5' title="bbox 283 783 485 836; baseline -0.005 0"><span class='ocrx_word' id='word_1_11' title='bbox 283 783 485 836; x_wconf 69' lang='lat' dir='ltr'>manis.</span> 
     </span>
    </p>
   </div>
   <div class='ocr_carea' id='block_1_3' title="bbox 283 1348 604 1675">
    <p class='ocr_par' dir='ltr' id='par_1_3' title="bbox 283 1348 604 1675">
     <span class='ocr_line' id='line_1_6' title="bbox 329 1348 602 1404; baseline -0.015 0"><span class='ocrx_word' id='word_1_12' title='bbox 329 1348 602 1404; x_wconf 68' lang='lat' dir='ltr'>Machina-</span> 
     </span>
     <span class='ocr_line' id='line_1_7' title="bbox 283 1417 604 1470; baseline 0 0"><span class='ocrx_word' id='word_1_13' title='bbox 283 1429 461 1470; x_wconf 70' lang='lat' dir='ltr'>menu</span> <span class='ocrx_word' id='word_1_14' title='bbox 497 1417 604 1470; x_wconf 81' lang='lat' dir='ltr'>Ro-</span> 
     </span>
     <span class='ocr_line' id='line_1_8' title="bbox 285 1501 561 1539; baseline 0.004 -2"><span class='ocrx_word' id='word_1_15' title='bbox 285 1501 561 1539; x_wconf 74' lang='lat' dir='ltr'>manorum</span> 
     </span>
     <span class='ocr_line' id='line_1_9' title="bbox 289 1553 571 1622; baseline -0.032 -16"><span class='ocrx_word' id='word_1_16' title='bbox 289 1554 363 1606; x_wconf 74' lang='lat' dir='ltr'>ad</span> <span class='ocrx_word' id='word_1_17' title='bbox 416 1553 571 1622; x_wconf 71' lang='lat' dir='ltr'>Lity-</span> 
     </span>
     <span class='ocr_line' id='line_1_10' title="bbox 288 1625 502 1675; baseline 0 0"><span class='ocrx_word' id='word_1_18' title='bbox 288 1625 502 1675; x_wconf 65' lang='lat' dir='ltr'>basum.</span> 
     </span>
    </p>
   </div>
   <div class='ocr_carea' id='block_1_4' title="bbox 300 2525 614 2731">
    <p class='ocr_par' dir='ltr' id='par_1_4' title="bbox 300 2525 614 2731">
     <span class='ocr_line' id='line_1_11' title="bbox 339 2525 610 2593; baseline 0 -1"><span class='ocrx_word' id='word_1_19' title='bbox 339 2525 610 2593; x_wconf 47' lang='lat' dir='ltr'>Hanniba-</span> 
     </span>
     <span class='ocr_line' id='line_1_12' title="bbox 300 2608 614 2662; baseline 0 -3"><span class='ocrx_word' id='word_1_20' title='bbox 300 2612 377 2660; x_wconf 77' lang='lat' dir='ltr'>lis</span> <span class='ocrx_word' id='word_1_21' title='bbox 417 2608 614 2662; x_wconf 70' lang='lat' dir='ltr'>Rhodia·</span> 
     </span>
     <span class='ocr_line' id='line_1_13' title="bbox 301 2677 543 2731; baseline 0.008 -3"><span class='ocrx_word' id='word_1_22' title='bbox 301 2677 543 2731; x_wconf 78' lang='lat' dir='ltr'>audacia.</span> 
     </span>
    </p>
   </div>
   <div class='ocr_carea' id='block_1_5' title="bbox 296 2815 617 3076">
    <p class='ocr_par' dir='ltr' id='par_1_5' title="bbox 296 2815 617 3076">
     <span class='ocr_line' id='line_1_14' title="bbox 319 2815 613 2870; baseline 0.01 -3"><span class='ocrx_word' id='word_1_23' title='bbox 319 2815 613 2870; x_wconf 74' lang='lat' dir='ltr'>PortusLae&#39;·</span> 
     </span>
     <span class='ocr_line' id='line_1_15' title="bbox 302 2887 615 2951; baseline 0.003 -15"><span class='ocrx_word' id='word_1_24' title='bbox 302 2887 474 2951; x_wconf 74' lang='lat' dir='ltr'>lybaet&#39;</span> <span class='ocrx_word' id='word_1_25' title='bbox 527 2903 615 2940; x_wconf 67' lang='lat' dir='ltr'>cu-</span> 
     </span>
     <span class='ocr_line' id='line_1_16' title="bbox 296 2954 617 3016; baseline 0.012 -13"><span class='ocrx_word' id='word_1_26' title='bbox 296 2954 523 3016; x_wconf 73' lang='lat' dir='ltr'>stoditus</span> <span class='ocrx_word' id='word_1_27' title='bbox 581 2972 617 3007; x_wconf 82' lang='lat' dir='ltr'><em>a</em></span> 
     </span>
     <span class='ocr_line' id='line_1_17' title="bbox 302 3013 590 3076; baseline 0.007 -2"><span class='ocrx_word' id='word_1_28' title='bbox 302 3013 590 3076; x_wconf 72' lang='lat' dir='ltr'>Romanis.</span> 
     </span>
    </p>
   </div>
   <div class='ocr_carea' id='block_1_6' title="bbox 623 129 2533 270">
    <p class='ocr_par' dir='ltr' id='par_1_6' title="bbox 623 129 2533 270">
     <span class='ocr_line' id='line_1_18' title="bbox 623 129 2533 270; baseline -0.003 -15"><span class='ocrx_word' id='word_1_29' title='bbox 623 213 741 262; x_wconf 61' lang='grc' dir='ltr'>ω,</span> <span class='ocrx_word' id='word_1_30' title='bbox 782 193 1350 257; x_wconf 70' lang='lat' dir='ltr'>rnssmsneun</span> <span class='ocrx_word' id='word_1_31' title='bbox 1389 129 2217 270; x_wconf 60' lang='lat' dir='ltr'>scPPLEREN&#39;ronnia</span> <span class='ocrx_word' id='word_1_32' title='bbox 2247 190 2393 253; x_wconf 73' lang='lat' dir='ltr'>Lm.</span> <span class='ocrx_word' id='word_1_33' title='bbox 2423 189 2533 252; x_wconf 76' lang='lat' dir='ltr'>lx.</span> 
     </span>
    </p>
   </div>
   <div class='ocr_carea' id='block_1_7' title="bbox 623 393 2579 729">
    <p class='ocr_par' dir='ltr' id='par_1_7' title="bbox 623 393 2579 729">
     <span class='ocr_line' id='line_1_19' title="bbox 623 393 2578 483; baseline -0.002 -20"><span class='ocrx_word' id='word_1_34' title='bbox 623 402 815 463; x_wconf 89' lang='lat' dir='ltr'>batur</span> <span class='ocrx_word' id='word_1_35' title='bbox 838 439 856 473; x_wconf 87' lang='lat'>,</span> <span class='ocrx_word' id='word_1_36' title='bbox 903 398 1036 483; x_wconf 84' lang='lat' dir='ltr'>qui,</span> <span class='ocrx_word' id='word_1_37' title='bbox 1080 395 1275 458; x_wconf 91' lang='lat' dir='ltr'>modo</span> <span class='ocrx_word' id='word_1_38' title='bbox 1310 396 1551 459; x_wconf 83' lang='lat' dir='ltr'>Siculis</span> <span class='ocrx_word' id='word_1_39' title='bbox 1572 438 1590 469; x_wconf 91' lang='lat'>,</span> <span class='ocrx_word' id='word_1_40' title='bbox 1637 394 1835 458; x_wconf 85' lang='lat' dir='ltr'>modo</span> <span class='ocrx_word' id='word_1_41' title='bbox 1856 393 2578 460; x_wconf 74' lang='lat' dir='ltr'>Italicislitoribus‘im·</span> 
     </span>
     <span class='ocr_line' id='line_1_20' title="bbox 625 477 2577 581; baseline -0.002 -36"><span class='ocrx_word' id='word_1_42' title='bbox 625 480 923 581; x_wconf 79' lang='lat' dir='ltr'>provisus</span> <span class='ocrx_word' id='word_1_43' title='bbox 960 480 1251 541; x_wconf 86' lang='lat' dir='ltr'>incidens</span> <span class='ocrx_word' id='word_1_44' title='bbox 1273 521 1289 550; x_wconf 92' lang='lat'>,</span> <span class='ocrx_word' id='word_1_45' title='bbox 1332 477 1534 550; x_wconf 88' lang='lat' dir='ltr'>nibil,</span> <span class='ocrx_word' id='word_1_46' title='bbox 1621 498 1706 538; x_wconf 86' lang='lat' dir='ltr'>uo</span> <span class='ocrx_word' id='word_1_47' title='bbox 1733 496 1975 538; x_wconf 86' lang='lat' dir='ltr'>nocere</span> <span class='ocrx_word' id='word_1_48' title='bbox 2010 479 2315 540; x_wconf 75' lang='lat' dir='ltr'>Romanis</span> <span class='ocrx_word' id='word_1_49' title='bbox 2349 481 2577 564; x_wconf 75' lang='lat' dir='ltr'>posset,</span> 
     </span>
     <span class='ocr_line' id='line_1_21' title="bbox 628 557 2579 642; baseline -0.003 -16"><span class='ocrx_word' id='word_1_50' title='bbox 628 561 913 626; x_wconf 83' lang='lat' dir='ltr'>mausum</span> <span class='ocrx_word' id='word_1_51' title='bbox 959 561 1467 641; x_wconf 85' lang='lat' dir='ltr'>intentatumque</span> <span class='ocrx_word' id='word_1_52' title='bbox 1520 580 1593 620; x_wconf 86' lang='lat' dir='ltr'>re</span> <span class='ocrx_word' id='word_1_53' title='bbox 1625 557 1947 642; x_wconf 83' lang='lat' dir='ltr'>‘nquebat.</span> <span class='ocrx_word' id='word_1_54' title='bbox 2017 563 2112 620; x_wconf 88' lang='lat' dir='ltr'>lta</span> <span class='ocrx_word' id='word_1_55' title='bbox 2157 559 2393 624; x_wconf 74' lang='lat' dir='ltr'>factum</span> <span class='ocrx_word' id='word_1_56' title='bbox 2418 603 2435 633; x_wconf 90' lang='lat'>,</span> <span class='ocrx_word' id='word_1_57' title='bbox 2487 576 2579 635; x_wconf 85' lang='lat' dir='ltr'>ut,</span> 
     </span>
     <span class='ocr_line' id='line_1_22' title="bbox 626 640 2579 729; baseline -0.003 -21"><span class='ocrx_word' id='word_1_58' title='bbox 626 666 848 729; x_wconf 80' lang='lat' dir='ltr'>magna</span> <span class='ocrx_word' id='word_1_59' title='bbox 887 644 955 704; x_wconf 90' lang='lat' dir='ltr'>in</span> <span class='ocrx_word' id='word_1_60' title='bbox 1001 640 1217 703; x_wconf 81' lang='lat' dir='ltr'>castris</span> <span class='ocrx_word' id='word_1_61' title='bbox 1256 653 1402 701; x_wconf 85' lang='lat' dir='ltr'>nata</span> <span class='ocrx_word' id='word_1_62' title='bbox 1437 640 1692 723; x_wconf 87' lang='lat' dir='ltr'>inopia,</span> <span class='ocrx_word' id='word_1_63' title='bbox 1738 641 1906 719; x_wconf 90' lang='lat' dir='ltr'>(uec</span> <span class='ocrx_word' id='word_1_64' title='bbox 1945 641 2414 723; x_wconf 85' lang='lat' dir='ltr'>enim.praeter</span> <span class='ocrx_word' id='word_1_65' title='bbox 2440 662 2579 703; x_wconf 86' lang='lat' dir='ltr'>car-</span> 
     </span>
    </p>
   </div>
   <div class='ocr_carea' id='block_1_8' title="bbox 614 721 2583 809">
    <p class='ocr_par' dir='ltr' id='par_1_8' title="bbox 614 721 2583 809">
     <span class='ocr_line' id='line_1_23' title="bbox 614 721 2583 809; baseline -0.003 -19"><span class='ocrx_word' id='word_1_66' title='bbox 614 748 743 798; x_wconf 65' lang='lat' dir='ltr'>,nes</span> <span class='ocrx_word' id='word_1_67' title='bbox 770 724 1093 809; x_wconf 84' lang='lat' dir='ltr'><strong>pecudum</strong></span> <span class='ocrx_word' id='word_1_68' title='bbox 1136 721 1482 807; x_wconf 81' lang='lat' dir='ltr'><strong>quidquam</strong></span> <span class='ocrx_word' id='word_1_69' title='bbox 1515 722 1723 783; x_wconf 83' lang='lat' dir='ltr'>ferme</span> <span class='ocrx_word' id='word_1_70' title='bbox 1768 721 1900 782; x_wconf 89' lang='lat' dir='ltr'>cibi</span> <span class='ocrx_word' id='word_1_71' title='bbox 1934 722 2325 805; x_wconf 84' lang='lat' dir='ltr'>supererat)</span> <span class='ocrx_word' id='word_1_72' title='bbox 2358 745 2583 805; x_wconf 84' lang='lat' dir='ltr'>magna</span> 
     </span>
    </p>
   </div>
   <div class='ocr_carea' id='block_1_9' title="bbox 622 802 2588 1275">
    <p class='ocr_par' dir='ltr' id='par_1_9' title="bbox 622 802 2588 1275">
     <span class='ocr_line' id='line_1_24' title="bbox 624 802 2581 895; baseline -0.001 -26"><span class='ocrx_word' id='word_1_73' title='bbox 624 828 776 895; x_wconf 85' lang='lat' dir='ltr'>pars</span> <span class='ocrx_word' id='word_1_74' title='bbox 817 807 1026 880; x_wconf 84' lang='lat' dir='ltr'>fame,</span> <span class='ocrx_word' id='word_1_75' title='bbox 1086 805 1309 888; x_wconf 83' lang='lat' dir='ltr'>plures</span> <span class='ocrx_word' id='word_1_76' title='bbox 1360 803 1554 864; x_wconf 89' lang='lat' dir='ltr'>etiam</span> <span class='ocrx_word' id='word_1_77' title='bbox 1598 802 1883 875; x_wconf 87' lang='lat' dir='ltr'>morbis,</span> <span class='ocrx_word' id='word_1_78' title='bbox 1958 815 2029 863; x_wconf 92' lang='lat' dir='ltr'>ut</span> <span class='ocrx_word' id='word_1_79' title='bbox 2066 804 2271 872; x_wconf 87' lang='lat' dir='ltr'>solet,</span> <span class='ocrx_word' id='word_1_80' title='bbox 2327 805 2581 868; x_wconf 85' lang='lat' dir='ltr'>obortis</span> 
     </span>
     <span class='ocr_line' id='line_1_25' title="bbox 629 882 2586 965; baseline -0.004 -12"><span class='ocrx_word' id='word_1_81' title='bbox 629 900 1067 953; x_wconf 83' lang='lat' dir='ltr'><strong>morerentur.</strong></span> <span class='ocrx_word' id='word_1_82' title='bbox 1126 888 1315 946; x_wconf 89' lang='lat' dir='ltr'>Hunc</span> <span class='ocrx_word' id='word_1_83' title='bbox 1344 882 1426 943; x_wconf 84' lang='lat' dir='ltr'>ad</span> <span class='ocrx_word' id='word_1_84' title='bbox 1463 884 1722 944; x_wconf 87' lang='lat' dir='ltr'>modum</span> <span class='ocrx_word' id='word_1_85' title='bbox 1751 904 1944 965; x_wconf 88' lang='lat' dir='ltr'>quum</span> <span class='ocrx_word' id='word_1_86' title='bbox 1977 884 2063 944; x_wconf 90' lang='lat' dir='ltr'>ali</span> <span class='ocrx_word' id='word_1_87' title='bbox 2110 897 2223 945; x_wconf 92' lang='lat' dir='ltr'>uot</span> <span class='ocrx_word' id='word_1_88' title='bbox 2255 884 2586 946; x_wconf 87' lang='lat' dir='ltr'>hominum</span> 
     </span>
     <span class='ocr_line' id='line_1_26' title="bbox 622 964 2588 1037; baseline -0.004 -4"><span class='ocrx_word' id='word_1_89' title='bbox 622 970 826 1033; x_wconf 85' lang='lat' dir='ltr'>millia</span> <span class='ocrx_word' id='word_1_90' title='bbox 857 966 1206 1029; x_wconf 85' lang='lat' dir='ltr'>desiderata</span> <span class='ocrx_word' id='word_1_91' title='bbox 1238 964 1475 1037; x_wconf 81' lang='lat' dir='ltr'>essent,</span> <span class='ocrx_word' id='word_1_92' title='bbox 1536 965 1811 1025; x_wconf 86' lang='lat' dir='ltr'>alterum</span> <span class='ocrx_word' id='word_1_93' title='bbox 1842 982 1921 1023; x_wconf 76' lang='lat' dir='ltr'>ex</span> <span class='ocrx_word' id='word_1_94' title='bbox 1963 982 2082 1024; x_wconf 88' lang='lat' dir='ltr'>con</span> <span class='ocrx_word' id='word_1_95' title='bbox 2116 964 2327 1026; x_wconf 86' lang='lat' dir='ltr'>ulibus</span> <span class='ocrx_word' id='word_1_96' title='bbox 2357 966 2439 1027; x_wconf 82' lang='lat' dir='ltr'>a&#39;d</span> <span class='ocrx_word' id='word_1_97' title='bbox 2477 985 2588 1028; x_wconf 87' lang='lat' dir='ltr'>co-</span> 
     </span>
     <span class='ocr_line' id='line_1_27' title="bbox 622 1044 2588 1131; baseline -0.002 -19"><span class='ocrx_word' id='word_1_98' title='bbox 622 1050 804 1120; x_wconf 81' lang='lat' dir='ltr'>mitia</span> <span class='ocrx_word' id='word_1_99' title='bbox 840 1051 1108 1110; x_wconf 84' lang='lat' dir='ltr'><strong>Romam</strong></span> <span class='ocrx_word' id='word_1_100' title='bbox 1145 1044 1520 1118; x_wconf 79' lang='lat' dir='ltr'>discedere,</span> <span class='ocrx_word' id='word_1_101' title='bbox 1585 1066 1694 1105; x_wconf 88' lang='lat' dir='ltr'>sua</span> <span class='ocrx_word' id='word_1_102' title='bbox 1781 1064 1860 1104; x_wconf 92' lang='lat' dir='ltr'>ue</span> <span class='ocrx_word' id='word_1_103' title='bbox 1901 1044 2196 1125; x_wconf 78' lang='lat' dir='ltr'>legiones</span> <span class='ocrx_word' id='word_1_104' title='bbox 2237 1046 2588 1131; x_wconf 86' lang='lat' dir='ltr'>deportare</span> 
     </span>
     <span class='ocr_line' id='line_1_28' title="bbox 624 1121 2588 1227; baseline -0.002 -34"><span class='ocrx_word' id='word_1_105' title='bbox 624 1131 901 1218; x_wconf 84' lang='lat' dir='ltr'>placuit,</span> <span class='ocrx_word' id='word_1_106' title='bbox 947 1149 1075 1227; x_wconf 75' lang='lat' dir='ltr'>quo</span> <span class='ocrx_word' id='word_1_107' title='bbox 1104 1128 1584 1191; x_wconf 76' lang='lat' dir='ltr'>remanentibus</span> <span class='ocrx_word' id='word_1_108' title='bbox 1617 1128 1686 1189; x_wconf 91' lang='lat' dir='ltr'>in</span> <span class='ocrx_word' id='word_1_109' title='bbox 1715 1146 1754 1187; x_wconf 93' lang='lat' dir='ltr'>o</span> <span class='ocrx_word' id='word_1_110' title='bbox 1800 1121 2042 1188; x_wconf 83' lang='lat' dir='ltr'>fidione</span> <span class='ocrx_word' id='word_1_111' title='bbox 2079 1126 2449 1210; x_wconf 79' lang='lat' dir='ltr'>expeditior</span> <span class='ocrx_word' id='word_1_112' title='bbox 2479 1150 2588 1190; x_wconf 87' lang='lat' dir='ltr'>an-</span> 
     </span>
     <span class='ocr_line' id='line_1_29' title="bbox 624 1210 2116 1275; baseline -0.006 0"><span class='ocrx_word' id='word_1_113' title='bbox 624 1233 833 1275; x_wconf 87' lang='lat' dir='ltr'>nonae</span> <span class='ocrx_word' id='word_1_114' title='bbox 870 1225 1037 1274; x_wconf 78' lang='lat' dir='ltr'>rano</span> <span class='ocrx_word' id='word_1_115' title='bbox 1081 1210 1278 1274; x_wconf 87' lang='lat' dir='ltr'>foret.</span> <span class='ocrx_word' id='word_1_116' title='bbox 1957 1221 1968 1232; x_wconf 81' lang='lat'><em>‘</em></span> <span class='ocrx_word' id='word_1_117' title='bbox 2105 1225 2116 1236; x_wconf 28' lang='grc' dir='ltr'>Χ</span> 
     </span>
    </p>
   </div>
   <div class='ocr_carea' id='block_1_10' title="bbox 626 1310 2602 2621">
    <p class='ocr_par' dir='ltr' id='par_1_10' title="bbox 626 1310 2602 2621">
     <span class='ocr_line' id='line_1_30' title="bbox 747 1310 2590 1401; baseline -0.003 -21"><span class='ocrx_word' id='word_1_118' title='bbox 747 1321 858 1382; x_wconf 81' lang='lat' dir='ltr'>XI.</span> <span class='ocrx_word' id='word_1_119' title='bbox 903 1322 1143 1381; x_wconf 85' lang='lat' dir='ltr'>Iterum</span> <span class='ocrx_word' id='word_1_120' title='bbox 1178 1315 1417 1379; x_wconf 87' lang='lat' dir='ltr'>deinde</span> <span class='ocrx_word' id='word_1_121' title='bbox 1439 1358 1457 1390; x_wconf 93' lang='lat'>,</span> <span class='ocrx_word' id='word_1_122' title='bbox 1501 1310 1730 1396; x_wconf 81' lang='lat' dir='ltr'>majori</span> <span class='ocrx_word' id='word_1_123' title='bbox 1769 1325 1999 1377; x_wconf 87' lang='lat' dir='ltr'>conatu</span> <span class='ocrx_word' id='word_1_124' title='bbox 2026 1327 2201 1377; x_wconf 87' lang='lat' dir='ltr'>terra</span> <span class='ocrx_word' id='word_1_125' title='bbox 2231 1311 2590 1401; x_wconf 88' lang='lat' dir='ltr'>lapidibus-</span> 
     </span>
     <span class='ocr_line' id='line_1_31' title="bbox 663 1396 2593 1483; baseline -0.003 -20"><span class='ocrx_word' id='word_1_126' title='bbox 663 1417 758 1463; x_wconf 81' lang='lat' dir='ltr'>’ue</span> <span class='ocrx_word' id='word_1_127' title='bbox 792 1399 1098 1483; x_wconf 83' lang='lat' dir='ltr'>adgestis,</span> <span class='ocrx_word' id='word_1_128' title='bbox 1144 1398 1384 1460; x_wconf 84' lang='lat' dir='ltr'>aditum</span> <span class='ocrx_word' id='word_1_129' title='bbox 1418 1411 1649 1482; x_wconf 84' lang='lat' dir='ltr'>portus</span> <span class='ocrx_word' id='word_1_130' title='bbox 1694 1396 1914 1481; x_wconf 85' lang='lat' dir='ltr'>sepire</span> <span class='ocrx_word' id='word_1_131' title='bbox 1952 1396 2244 1480; x_wconf 82' lang='lat' dir='ltr'>adgressi</span> <span class='ocrx_word' id='word_1_132' title='bbox 2280 1411 2450 1469; x_wconf 75' lang='lat' dir='ltr'>sunt,</span> <span class='ocrx_word' id='word_1_133' title='bbox 2482 1417 2593 1458; x_wconf 80' lang='lat' dir='ltr'>va-</span> 
     </span>
     <span class='ocr_line' id='line_1_32' title="bbox 627 1417 2594 1562; baseline -0.004 -17"><span class='ocrx_word' id='word_1_134' title='bbox 627 1417 799 1545; x_wconf 56' lang='lat' dir='ltr'>l‘ldis‘</span> <span class='ocrx_word' id='word_1_135' title='bbox 824 1479 1118 1545; x_wconf 82' lang='lat' dir='ltr'>trabibus</span> <span class='ocrx_word' id='word_1_136' title='bbox 1163 1479 1532 1542; x_wconf 80' lang='lat' dir='ltr'>decuss&#39;atim</span> <span class='ocrx_word' id='word_1_137' title='bbox 1572 1479 1926 1562; x_wconf 78' lang='lat' dir='ltr'>compactis</span> <span class='ocrx_word' id='word_1_138' title='bbox 1964 1499 2265 1561; x_wconf 81' lang='lat' dir='ltr'>aggerem</span> <span class='ocrx_word' id='word_1_139' title='bbox 2305 1499 2594 1542; x_wconf 86' lang='lat' dir='ltr'>commu-</span> 
     </span>
     <span class='ocr_line' id='line_1_33' title="bbox 627 1560 2594 1646; baseline -0.003 -20"><span class='ocrx_word' id='word_1_140' title='bbox 627 1565 920 1638; x_wconf 89' lang='lat' dir='ltr'>nientes,</span> <span class='ocrx_word' id='word_1_141' title='bbox 973 1583 1171 1646; x_wconf 89' lang='lat' dir='ltr'>quae,</span> <span class='ocrx_word' id='word_1_142' title='bbox 1215 1561 1456 1622; x_wconf 81' lang='lat' dir='ltr'>ferreis</span> <span class='ocrx_word' id='word_1_143' title='bbox 1489 1561 1746 1622; x_wconf 87' lang='lat' dir='ltr'>ancoris</span> <span class='ocrx_word' id='word_1_144' title='bbox 1785 1560 2153 1633; x_wconf 80' lang='lat' dir='ltr'>revinctae,</span> <span class='ocrx_word' id='word_1_145' title='bbox 2199 1562 2400 1622; x_wconf 87' lang='lat' dir='ltr'>totius</span> <span class='ocrx_word' id='word_1_146' title='bbox 2433 1579 2594 1645; x_wconf 87' lang='lat' dir='ltr'>ope-</span> 
     </span>
     <span class='ocr_line' id='line_1_34' title="bbox 628 1641 2596 1728; baseline -0.003 -20"><span class='ocrx_word' id='word_1_147' title='bbox 628 1646 722 1708; x_wconf 87' lang='lat' dir='ltr'>ris</span> <span class='ocrx_word' id='word_1_148' title='bbox 752 1661 1125 1728; x_wconf 80' lang='lat' dir='ltr'>compagem</span> <span class='ocrx_word' id='word_1_149' title='bbox 1157 1641 1449 1704; x_wconf 84' lang='lat' dir='ltr'>firmiore</span> <span class='ocrx_word' id='word_1_150' title='bbox 1483 1661 1651 1703; x_wconf 83' lang='lat' dir='ltr'>nexu</span> <span class='ocrx_word' id='word_1_151' title='bbox 1676 1641 2106 1703; x_wconf 84' lang='lat' dir='ltr'>continerent.</span> <span class='ocrx_word' id='word_1_152' title='bbox 2159 1642 2291 1704; x_wconf 89' lang='lat' dir='ltr'>Sed</span> <span class='ocrx_word' id='word_1_153' title='bbox 2315 1656 2596 1727; x_wconf 84' lang='lat' dir='ltr'>propter</span> 
     </span>
     <span class='ocr_line' id='line_1_35' title="bbox 626 1722 2598 1808; baseline -0.004 -18"><span class='ocrx_word' id='word_1_154' title='bbox 626 1728 826 1790; x_wconf 81' lang='lat' dir='ltr'>maris</span> <span class='ocrx_word' id='word_1_155' title='bbox 855 1723 1280 1798; x_wconf 84' lang='lat' dir='ltr'>altitudinem,</span> <span class='ocrx_word' id='word_1_156' title='bbox 1326 1726 1411 1786; x_wconf 89' lang='lat' dir='ltr'>ob</span> <span class='ocrx_word' id='word_1_157' title='bbox 1449 1726 1642 1808; x_wconf 75' lang='lat' dir='ltr'>quam‘</span> <span class='ocrx_word' id='word_1_158' title='bbox 1670 1726 1847 1785; x_wconf 86' lang='lat' dir='ltr'>inter</span> <span class='ocrx_word' id='word_1_159' title='bbox 1884 1722 2411 1785; x_wconf 88' lang='lat' dir='ltr'>descendendum</span> <span class='ocrx_word' id='word_1_160' title='bbox 2439 1743 2598 1784; x_wconf 73' lang='lat' dir='ltr'>con·</span> 
     </span>
     <span class='ocr_line' id='line_1_36' title="bbox 626 1803 2599 1890; baseline -0.003 -19"><span class='ocrx_word' id='word_1_161' title='bbox 626 1809 988 1872; x_wconf 79' lang='lat' dir='ltr'>vellebatur</span> <span class='ocrx_word' id='word_1_162' title='bbox 1008 1848 1026 1880; x_wconf 95' lang='lat'>,</span> <span class='ocrx_word' id='word_1_163' title='bbox 1070 1805 1388 1890; x_wconf 84' lang='lat' dir='ltr'>quidquid</span> <span class='ocrx_word' id='word_1_164' title='bbox 1421 1805 1728 1887; x_wconf 87' lang='lat' dir='ltr'>injectum</span> <span class='ocrx_word' id='word_1_165' title='bbox 1764 1818 1938 1878; x_wconf 88' lang='lat' dir='ltr'>erat,</span> <span class='ocrx_word' id='word_1_166' title='bbox 1985 1804 2217 1888; x_wconf 82' lang='lat' dir='ltr'>ingens</span> <span class='ocrx_word' id='word_1_167' title='bbox 2248 1818 2315 1865; x_wconf 90' lang='lat' dir='ltr'>et</span> <span class='ocrx_word' id='word_1_168' title='bbox 2342 1803 2599 1866; x_wconf 86' lang='lat' dir='ltr'>inutilis</span> 
     </span>
     <span class='ocr_line' id='line_1_37' title="bbox 627 1882 2595 1960; baseline -0.003 -8"><span class='ocrx_word' id='word_1_169' title='bbox 627 1891 813 1960; x_wconf 82' lang='lat' dir='ltr'>labor</span> <span class='ocrx_word' id='word_1_170' title='bbox 842 1887 987 1950; x_wconf 81' lang='lat' dir='ltr'>fuit.</span> <span class='ocrx_word' id='word_1_171' title='bbox 1046 1909 1211 1959; x_wconf 89' lang='lat' dir='ltr'>nam,</span> <span class='ocrx_word' id='word_1_172' title='bbox 1256 1887 1491 1949; x_wconf 89' lang='lat' dir='ltr'>oborto</span> <span class='ocrx_word' id='word_1_173' title='bbox 1521 1886 2012 1950; x_wconf 80' lang='lat' dir='ltr'>vehementiore</span> <span class='ocrx_word' id='word_1_174' title='bbox 2045 1899 2391 1948; x_wconf 82' lang='lat' dir='ltr'>ventorum</span> <span class='ocrx_word' id='word_1_175' title='bbox 2415 1882 2595 1958; x_wconf 86' lang='lat' dir='ltr'>ssatu,</span> 
     </span>
     <span class='ocr_line' id='line_1_38' title="bbox 628 1966 2599 2054; baseline -0.003 -21"><span class='ocrx_word' id='word_1_176' title='bbox 628 1971 955 2054; x_wconf 89' lang='lat' dir='ltr'>undisque</span> <span class='ocrx_word' id='word_1_177' title='bbox 990 1967 1565 2031; x_wconf 77' lang='lat' dir='ltr'>intumescentibus</span> <span class='ocrx_word' id='word_1_178' title='bbox 1588 2011 1605 2036; x_wconf 86' lang='lat'>,</span> <span class='ocrx_word' id='word_1_179' title='bbox 1650 1968 1978 2051; x_wconf 85' lang='lat' dir='ltr'>perfracta</span> <span class='ocrx_word' id='word_1_180' title='bbox 2005 1966 2216 2030; x_wconf 90' lang='lat' dir='ltr'>omnia</span> <span class='ocrx_word' id='word_1_181' title='bbox 2241 1987 2315 2029; x_wconf 84' lang='lat' dir='ltr'>ac</span> <span class='ocrx_word' id='word_1_182' title='bbox 2339 1966 2599 2051; x_wconf 49' lang='lat' dir='ltr'>direpta</span> 
     </span>
     <span class='ocr_line' id='line_1_39' title="bbox 633 2048 2597 2144; baseline -0.003 -31"><span class='ocrx_word' id='word_1_183' title='bbox 633 2066 802 2113; x_wconf 87' lang='lat' dir='ltr'>sunt.</span> <span class='ocrx_word' id='word_1_184' title='bbox 866 2051 1079 2134; x_wconf 79' lang='lat' dir='ltr'>Quum</span> <span class='ocrx_word' id='word_1_185' title='bbox 1111 2063 1323 2111; x_wconf 88' lang='lat' dir='ltr'>tamen</span> <span class='ocrx_word' id='word_1_186' title='bbox 1357 2051 1499 2132; x_wconf 85' lang='lat' dir='ltr'>ipsa</span> <span class='ocrx_word' id='word_1_187' title='bbox 1531 2051 1752 2132; x_wconf 79' lang='lat' dir='ltr'>operis</span> <span class='ocrx_word' id='word_1_188' title='bbox 1786 2048 2254 2114; x_wconf 80' lang='lat' dir='ltr'>fama&#39;clausum</span> <span class='ocrx_word' id='word_1_189' title='bbox 2283 2048 2597 2144; x_wconf 72' lang='lat' dir='ltr'>aliquam-</span> 
     </span>
     <span class='ocr_line' id='line_1_40' title="bbox 632 2127 2597 2216; baseline -0.002 -22"><span class='ocrx_word' id='word_1_190' title='bbox 632 2134 747 2195; x_wconf 88' lang='lat' dir='ltr'>diu</span> <span class='ocrx_word' id='word_1_191' title='bbox 767 2146 1027 2216; x_wconf 88' lang='lat' dir='ltr'>portum</span> <span class='ocrx_word' id='word_1_192' title='bbox 1053 2131 1375 2203; x_wconf 72' lang='lat' dir='ltr'>tenuisset,</span> <span class='ocrx_word' id='word_1_193' title='bbox 1426 2130 1650 2192; x_wconf 87' lang='lat' dir='ltr'>anxios</span> <span class='ocrx_word' id='word_1_194' title='bbox 1690 2151 1765 2192; x_wconf 91' lang='lat' dir='ltr'>ea</span> <span class='ocrx_word' id='word_1_195' title='bbox 1784 2150 1894 2192; x_wconf 80' lang='lat' dir='ltr'>res</span> <span class='ocrx_word' id='word_1_196' title='bbox 1925 2133 2298 2199; x_wconf 86' lang='lat' dir='ltr'>Poenorum</span> <span class='ocrx_word' id='word_1_197' title='bbox 2318 2127 2597 2203; x_wconf 73' lang='lat' dir='ltr'>animos,</span> 
     </span>
     <span class='ocr_line' id='line_1_41' title="bbox 629 2210 2600 2297; baseline -0.003 -20"><span class='ocrx_word' id='word_1_198' title='bbox 629 2215 1185 2295; x_wconf 76' lang='lat' dir='ltr'>vehementerque</span> <span class='ocrx_word' id='word_1_199' title='bbox 1219 2212 1535 2273; x_wconf 88' lang='lat' dir='ltr'>sollicitos</span> <span class='ocrx_word' id='word_1_200' title='bbox 1567 2210 1811 2274; x_wconf 84' lang='lat' dir='ltr'>habuit.</span> <span class='ocrx_word' id='word_1_201' title='bbox 1869 2232 2081 2297; x_wconf 84' lang='lat' dir='ltr'>neque</span> <span class='ocrx_word' id='word_1_202' title='bbox 2134 2213 2307 2274; x_wconf 85' lang='lat' dir='ltr'>enim</span> <span class='ocrx_word' id='word_1_203' title='bbox 2348 2212 2484 2273; x_wconf 87' lang='lat' dir='ltr'>ulla</span> <span class='ocrx_word' id='word_1_204' title='bbox 2531 2211 2600 2272; x_wconf 90' lang='lat' dir='ltr'>in</span> 
     </span>
     <span class='ocr_line' id='line_1_42' title="bbox 629 2282 2599 2380; baseline -0.001 -25"><span class='ocrx_word' id='word_1_205' title='bbox 629 2307 936 2380; x_wconf 79' lang='lat' dir='ltr'>promptu</span> <span class='ocrx_word' id='word_1_206' title='bbox 987 2306 1127 2355; x_wconf 85' lang='lat' dir='ltr'>erat</span> <span class='ocrx_word' id='word_1_207' title='bbox 1173 2292 1377 2366; x_wconf 84' lang='lat' dir='ltr'>ratio,</span> <span class='ocrx_word' id='word_1_208' title='bbox 1444 2314 1566 2377; x_wconf 84' lang='lat' dir='ltr'>qua</span> <span class='ocrx_word' id='word_1_209' title='bbox 1616 2313 2018 2376; x_wconf 83' lang='lat' dir='ltr'>cognoscere</span> <span class='ocrx_word' id='word_1_210' title='bbox 2058 2292 2280 2356; x_wconf 84' lang='lat' dir='ltr'>statum</span> <span class='ocrx_word' id='word_1_211' title='bbox 2327 2282 2599 2356; x_wconf 74' lang='lat' dir='ltr'>suorum</span> 
     </span>
     <span class='ocr_line' id='line_1_43' title="bbox 632 2373 2600 2472; baseline -0.002 -34"><span class='ocrx_word' id='word_1_212' title='bbox 632 2376 883 2460; x_wconf 75' lang='lat' dir='ltr'>possent</span> <span class='ocrx_word' id='word_1_213' title='bbox 906 2418 923 2447; x_wconf 92' lang='lat'>‚</span> <span class='ocrx_word' id='word_1_214' title='bbox 967 2395 1179 2458; x_wconf 87' lang='lat' dir='ltr'>neque</span> <span class='ocrx_word' id='word_1_215' title='bbox 1214 2373 1553 2459; x_wconf 84' lang='lat' dir='ltr'>quisquam</span> <span class='ocrx_word' id='word_1_216' title='bbox 1583 2374 1855 2436; x_wconf 89' lang='lat' dir='ltr'>audebat</span> <span class='ocrx_word' id='word_1_217' title='bbox 1888 2396 2153 2472; x_wconf 79' lang='lat' dir='ltr'>operam</span> <span class='ocrx_word' id='word_1_218' title='bbox 2185 2397 2361 2438; x_wconf 83' lang='lat' dir='ltr'>suam</span> <span class='ocrx_word' id='word_1_219' title='bbox 2394 2374 2481 2435; x_wconf 89' lang='lat' dir='ltr'>ad</span> <span class='ocrx_word' id='word_1_220' title='bbox 2498 2375 2600 2436; x_wconf 88' lang='lat' dir='ltr'>in-</span> 
     </span>
     <span class='ocr_line' id='line_1_44' title="bbox 637 2455 2602 2553; baseline -0.001 -36"><span class='ocrx_word' id='word_1_221' title='bbox 637 2455 1009 2552; x_wconf 82' lang='lat' dir='ltr'>spiciundas</span> <span class='ocrx_word' id='word_1_222' title='bbox 1049 2455 1612 2536; x_wconf 84' lang='lat' dir='ltr'>Lilybaetanorum</span> <span class='ocrx_word' id='word_1_223' title='bbox 1642 2477 1754 2519; x_wconf 88' lang='lat' dir='ltr'>res</span> <span class='ocrx_word' id='word_1_224' title='bbox 1796 2457 2137 2553; x_wconf 71' lang='lat' dir='ltr'>polliceri:</span> <span class='ocrx_word' id='word_1_225' title='bbox 2181 2456 2391 2519; x_wconf 85' lang='lat' dir='ltr'>donec</span> <span class='ocrx_word' id='word_1_226' title='bbox 2423 2458 2602 2517; x_wconf 84' lang='lat' dir='ltr'>Han-</span> 
     </span>
     <span class='ocr_line' id='line_1_45' title="bbox 637 2537 2598 2621; baseline 0.001 -23"><span class='ocrx_word' id='word_1_227' title='bbox 637 2538 809 2598; x_wconf 78' lang='lat' dir='ltr'>nibal</span> <span class='ocrx_word' id='word_1_228' title='bbox 833 2537 1109 2621; x_wconf 90' lang='lat' dir='ltr'>quidam,</span> <span class='ocrx_word' id='word_1_229' title='bbox 1153 2552 1583 2619; x_wconf 86' lang='lat' dir='ltr'>cognomento</span> <span class='ocrx_word' id='word_1_230' title='bbox 1612 2538 1926 2610; x_wconf 71' lang='lat' dir='ltr'>Rhsdms,</span> <span class='ocrx_word' id='word_1_231' title='bbox 1971 2540 2076 2603; x_wconf 80' lang='lat' dir='ltr'>vir</span> <span class='ocrx_word' id='word_1_232' title='bbox 2111 2560 2190 2601; x_wconf 79' lang='lat' dir='ltr'>ex</span> <span class='ocrx_word' id='word_1_233' title='bbox 2217 2537 2598 2610; x_wconf 81' lang='lat' dir='ltr'>illustribus,</span> 
     </span>
    </p>
   </div>
   <div class='ocr_carea' id='block_1_11' title="bbox 637 2618 2599 2786">
    <p class='ocr_par' dir='ltr' id='par_1_11' title="bbox 637 2618 2599 2786">
     <span class='ocr_line' id='line_1_46' title="bbox 641 2618 2599 2704; baseline 0 -24"><span class='ocrx_word' id='word_1_234' title='bbox 641 2639 711 2680; x_wconf 84' lang='lat' dir='ltr'>se</span> <span class='ocrx_word' id='word_1_235' title='bbox 745 2619 1172 2701; x_wconf 85' lang='lat' dir='ltr'>ingress&#39;urum</span> <span class='ocrx_word' id='word_1_236' title='bbox 1202 2620 1451 2692; x_wconf 87' lang='lat' dir='ltr'>urbem,</span> <span class='ocrx_word' id='word_1_237' title='bbox 1495 2634 1582 2692; x_wconf 87' lang='lat' dir='ltr'>et,</span> <span class='ocrx_word' id='word_1_238' title='bbox 1623 2618 1949 2704; x_wconf 86' lang='lat' dir='ltr'>postquam</span> <span class='ocrx_word' id='word_1_239' title='bbox 1968 2621 2178 2682; x_wconf 85' lang='lat' dir='ltr'>omnia</span> <span class='ocrx_word' id='word_1_240' title='bbox 2204 2640 2433 2684; x_wconf 81' lang='lat' dir='ltr'>coram</span> <span class='ocrx_word' id='word_1_241' title='bbox 2447 2640 2599 2704; x_wconf 80' lang='lat' dir='ltr'>per-</span> 
     </span>
     <span class='ocr_line' id='line_1_47' title="bbox 637 2696 2129 2786; baseline 0.003 -26"><span class='ocrx_word' id='word_1_242' title='bbox 637 2697 945 2761; x_wconf 84' lang='lat' dir='ltr'>lustrass&#39;et</span> <span class='ocrx_word' id='word_1_243' title='bbox 964 2741 980 2771; x_wconf 91' lang='lat'><strong>‚</strong></span> <span class='ocrx_word' id='word_1_244' title='bbox 1027 2720 1106 2762; x_wconf 83' lang='lat' dir='ltr'>ex</span> <span class='ocrx_word' id='word_1_245' title='bbox 1144 2696 1274 2762; x_wconf 87' lang='lat' dir='ltr'>fide</span> <span class='ocrx_word' id='word_1_246' title='bbox 1310 2701 1834 2763; x_wconf 86' lang='lat' dir='ltr'>renunciaturum</span> <span class='ocrx_word' id='word_1_247' title='bbox 1869 2702 2129 2786; x_wconf 86' lang='lat' dir='ltr'>recipit.</span> 
     </span>
    </p>
   </div>
   <div class='ocr_carea' id='block_1_12' title="bbox 641 2803 2604 3137">
    <p class='ocr_par' dir='ltr' id='par_1_12' title="bbox 641 2803 2604 3137">
     <span class='ocr_line' id='line_1_48' title="bbox 759 2803 2600 2893; baseline 0.002 -29"><span class='ocrx_word' id='word_1_248' title='bbox 759 2803 896 2865; x_wconf 77' lang='grc' dir='ltr'>ΧΠ.</span> <span class='ocrx_word' id='word_1_249' title='bbox 941 2805 1023 2865; x_wconf 89' lang='lat' dir='ltr'>Ei</span> <span class='ocrx_word' id='word_1_250' title='bbox 1053 2805 1359 2887; x_wconf 85' lang='lat' dir='ltr'>promiss&#39;o</span> <span class='ocrx_word' id='word_1_251' title='bbox 1394 2806 1598 2889; x_wconf 87' lang='lat' dir='ltr'>gratia</span> <span class='ocrx_word' id='word_1_252' title='bbox 1629 2810 1842 2892; x_wconf 87' lang='lat' dir='ltr'>primo</span> <span class='ocrx_word' id='word_1_253' title='bbox 1874 2808 2077 2890; x_wconf 88' lang='lat' dir='ltr'>major</span> <span class='ocrx_word' id='word_1_254' title='bbox 2106 2807 2271 2893; x_wconf 88' lang='lat' dir='ltr'>apud</span> <span class='ocrx_word' id='word_1_255' title='bbox 2301 2809 2600 2880; x_wconf 88' lang='lat' dir='ltr'>Poenos,</span> 
     </span>
     <span class='ocr_line' id='line_1_49' title="bbox 644 2884 2602 2974; baseline 0.001 -27"><span class='ocrx_word' id='word_1_256' title='bbox 644 2907 831 2969; x_wconf 89' lang='lat' dir='ltr'>quam</span> <span class='ocrx_word' id='word_1_257' title='bbox 860 2884 1022 2947; x_wconf 82' lang='lat' dir='ltr'>fides</span> <span class='ocrx_word' id='word_1_258' title='bbox 1048 2925 1065 2959; x_wconf 90' lang='lat'>,</span> <span class='ocrx_word' id='word_1_259' title='bbox 1111 2885 1256 2947; x_wconf 86' lang='lat' dir='ltr'>suit.</span> <span class='ocrx_word' id='word_1_260' title='bbox 1303 2888 1545 2970; x_wconf 85' lang='lat' dir='ltr'>quippe</span> <span class='ocrx_word' id='word_1_261' title='bbox 1567 2932 1584 2964; x_wconf 91' lang='lat'>,</span> <span class='ocrx_word' id='word_1_262' title='bbox 1637 2906 1901 2974; x_wconf 85' lang='lat' dir='ltr'>praeter</span> <span class='ocrx_word' id='word_1_263' title='bbox 1938 2892 2142 2953; x_wconf 91' lang='lat' dir='ltr'>moles</span> <span class='ocrx_word' id='word_1_264' title='bbox 2178 2890 2247 2950; x_wconf 89' lang='lat' dir='ltr'>in</span> <span class='ocrx_word' id='word_1_265' title='bbox 2286 2909 2472 2950; x_wconf 85' lang='lat' dir='ltr'>mare</span> <span class='ocrx_word' id='word_1_266' title='bbox 2508 2888 2602 2969; x_wconf 81' lang='lat' dir='ltr'>ja-</span> 
     </span>
     <span class='ocr_line' id='line_1_50' title="bbox 644 2966 2604 3040; baseline 0.001 -11"><span class='ocrx_word' id='word_1_267' title='bbox 644 2982 816 3040; x_wconf 85' lang='lat' dir='ltr'>ctas,</span> <span class='ocrx_word' id='word_1_268' title='bbox 880 2966 1119 3028; x_wconf 87' lang='lat' dir='ltr'>aditum</span> <span class='ocrx_word' id='word_1_269' title='bbox 1217 2982 1397 3029; x_wconf 86' lang='lat' dir='ltr'>ortus</span> <span class='ocrx_word' id='word_1_270' title='bbox 1452 2991 1486 3030; x_wconf 89' lang='lat' dir='ltr'>a</span> <span class='ocrx_word' id='word_1_271' title='bbox 1529 2973 1834 3033; x_wconf 87' lang='lat' dir='ltr'>Romanis</span> <span class='ocrx_word' id='word_1_272' title='bbox 1885 2972 2153 3036; x_wconf 62' lang='lat' dir='ltr'>natibus</span> <span class='ocrx_word' id='word_1_273' title='bbox 2199 2971 2278 3033; x_wconf 91' lang='lat' dir='ltr'>ad</span> <span class='ocrx_word' id='word_1_274' title='bbox 2319 2990 2604 3033; x_wconf 84' lang='lat' dir='ltr'>ancoras</span> 
     </span>
     <span class='ocr_line' id='line_1_51' title="bbox 641 3046 2604 3137; baseline 0.002 -28"><span class='ocrx_word' id='word_1_275' title='bbox 641 3047 943 3111; x_wconf 81' lang='lat' dir='ltr'>stantibus</span> <span class='ocrx_word' id='word_1_276' title='bbox 977 3046 1145 3109; x_wconf 82' lang='lat' dir='ltr'>custo</span> <span class='ocrx_word' id='word_1_277' title='bbox 1193 3049 1278 3110; x_wconf 88' lang='lat' dir='ltr'>iri</span> <span class='ocrx_word' id='word_1_278' title='bbox 1320 3051 1630 3113; x_wconf 76' lang='lat' dir='ltr'>sciebant.</span> <span class='ocrx_word' id='word_1_279' title='bbox 1703 3053 1836 3115; x_wconf 87' lang='lat' dir='ltr'>Sed</span> <span class='ocrx_word' id='word_1_280' title='bbox 1865 3054 2009 3127; x_wconf 93' lang='lat' dir='ltr'>ille,</span> <span class='ocrx_word' id='word_1_281' title='bbox 2069 3056 2354 3137; x_wconf 85' lang='lat' dir='ltr'>privata,</span> <span class='ocrx_word' id='word_1_282' title='bbox 2458 3071 2604 3113; x_wconf 88' lang='lat' dir='ltr'>uam</span> 
     </span>
    </p>
   </div>
   <div class='ocr_carea' id='block_1_13' title="bbox 532 3128 2609 3224">
    <p class='ocr_par' dir='ltr' id='par_1_13' title="bbox 532 3128 2609 3224">
     <span class='ocr_line' id='line_1_52' title="bbox 532 3128 2609 3224; baseline 0.002 -34"><span class='ocrx_word' id='word_1_283' title='bbox 532 3201 541 3210; x_wconf 58' lang='lat'><em>„</em></span> <span class='ocrx_word' id='word_1_284' title='bbox 640 3130 951 3202; x_wconf 85' lang='lat' dir='ltr'>hahebat,</span> <span class='ocrx_word' id='word_1_285' title='bbox 996 3128 1300 3193; x_wconf 82' lang='lat' dir='ltr'>adornata</span> <span class='ocrx_word' id='word_1_286' title='bbox 1335 3134 1515 3206; x_wconf 78' lang='lat' dir='ltr'>navi,</span> <span class='ocrx_word' id='word_1_287' title='bbox 1563 3133 1641 3194; x_wconf 86' lang='lat' dir='ltr'>ad</span> <span class='ocrx_word' id='word_1_288' title='bbox 1679 3133 2058 3208; x_wconf 87' lang='lat' dir='ltr'>insularum,</span> <span class='ocrx_word' id='word_1_289' title='bbox 2104 3156 2265 3218; x_wconf 88' lang='lat' dir='ltr'>quae</span> <span class='ocrx_word' id='word_1_290' title='bbox 2287 3134 2438 3216; x_wconf 76' lang='lat' dir='ltr'>Lily</span> <span class='ocrx_word' id='word_1_291' title='bbox 2473 3152 2609 3224; x_wconf 36' lang='lat' dir='ltr'>‘fleo</span> 
     </span>
    </p>
   </div>
   <div class='ocr_carea' id='block_1_14' title="bbox 344 3253 619 3313">
    <p class='ocr_par' dir='ltr' id='par_1_14' title="bbox 344 3253 619 3313">
     <span class='ocr_line' id='line_1_53' title="bbox 344 3253 619 3313; baseline 0.007 -4"><span class='ocrx_word' id='word_1_292' title='bbox 344 3253 445 3309; x_wconf 74' lang='lat' dir='ltr'>Sed</span> <span class='ocrx_word' id='word_1_293' title='bbox 468 3253 619 3313; x_wconf 80' lang='lat' dir='ltr'>Han-</span> 
     </span>
    </p>
   </div>
   <div class='ocr_carea' id='block_1_15' title="bbox 268 3323 615 3452">
    <p class='ocr_par' dir='ltr' id='par_1_15' title="bbox 268 3323 615 3452">
     <span class='ocr_line' id='line_1_54' title="bbox 299 3323 615 3399; baseline 0.016 -24"><span class='ocrx_word' id='word_1_294' title='bbox 299 3323 615 3399; x_wconf 78' lang='lat' dir='ltr'>nibalpene-</span> 
     </span>
     <span class='ocr_line' id='line_1_55' title="bbox 268 3405 444 3452; baseline 0.034 -7"><span class='ocrx_word' id='word_1_295' title='bbox 268 3449 275 3452; x_wconf 48' lang='grc'><em>,</em></span> <span class='ocrx_word' id='word_1_296' title='bbox 307 3405 368 3447; x_wconf 68' lang='grc'>11·</span> <span class='ocrx_word' id='word_1_297' title='bbox 368 3407 444 3450; x_wconf 67' lang='grc' dir='ltr'>Μ.</span> 
     </span>
    </p>
   </div>
   <div class='ocr_carea' id='block_1_16' title="bbox 640 3210 2666 3951">
    <p class='ocr_par' dir='ltr' id='par_1_16' title="bbox 640 3210 2666 3951">
     <span class='ocr_line' id='line_1_56' title="bbox 763 3210 2610 3302; baseline 0.003 -32"><span class='ocrx_word' id='word_1_298' title='bbox 763 3210 1033 3294; x_wconf 70' lang='lat' dir='ltr'>ajacem,</span> <span class='ocrx_word' id='word_1_299' title='bbox 1076 3233 1285 3287; x_wconf 89' lang='lat' dir='ltr'>unam,</span> <span class='ocrx_word' id='word_1_300' title='bbox 1324 3214 1477 3276; x_wconf 86' lang='lat' dir='ltr'>hinc</span> <span class='ocrx_word' id='word_1_301' title='bbox 1498 3214 1755 3289; x_wconf 80' lang='lat' dir='ltr'>deinde,</span> <span class='ocrx_word' id='word_1_302' title='bbox 1790 3216 2305 3302; x_wconf 81' lang='lat' dir='ltr'>quumpossridie</span> <span class='ocrx_word' id='word_1_303' title='bbox 2331 3229 2610 3276; x_wconf 82' lang='lat' dir='ltr'>ventum</span> 
     </span>
     <span class='ocr_line' id='line_1_57' title="bbox 675 3296 2666 3380; baseline 0.003 -27"><span class='ocrx_word' id='word_1_304' title='bbox 675 3306 966 3354; x_wconf 87' lang='lat' dir='ltr'>erentem</span> <span class='ocrx_word' id='word_1_305' title='bbox 982 3306 1205 3355; x_wconf 84' lang='lat' dir='ltr'>nactus</span> <span class='ocrx_word' id='word_1_306' title='bbox 1228 3297 1404 3369; x_wconf 82' lang='lat' dir='ltr'>ess&#39;et,</span> <span class='ocrx_word' id='word_1_307' title='bbox 1441 3297 1616 3359; x_wconf 85' lang='lat' dir='ltr'>circa</span> <span class='ocrx_word' id='word_1_308' title='bbox 1645 3312 1929 3377; x_wconf 81' lang='lat' dir='ltr'>quartam</span> <span class='ocrx_word' id='word_1_309' title='bbox 1948 3298 2171 3359; x_wconf 88' lang='lat' dir='ltr'>horam</span> <span class='ocrx_word' id='word_1_310' title='bbox 2200 3298 2333 3359; x_wconf 87' lang='lat' dir='ltr'>diei</span> <span class='ocrx_word' id='word_1_311' title='bbox 2360 3296 2608 3380; x_wconf 73' lang='lat' dir='ltr'>palam,</span> <span class='ocrx_word' id='word_1_312' title='bbox 2665 3297 2666 3302; x_wconf 72' lang='grc'>’</span> 
     </span>
     <span class='ocr_line' id='line_1_58' title="bbox 642 3373 2614 3463; baseline 0.001 -29"><span class='ocrx_word' id='word_1_313' title='bbox 642 3373 1143 3456; x_wconf 83' lang='lat' dir='ltr'>inspectantibus</span> <span class='ocrx_word' id='word_1_314' title='bbox 1190 3378 1515 3439; x_wconf 84' lang='lat' dir='ltr'>universis</span> <span class='ocrx_word' id='word_1_315' title='bbox 1553 3378 1819 3441; x_wconf 80' lang='lat' dir='ltr'>hostium</span> <span class='ocrx_word' id='word_1_316' title='bbox 1865 3380 2076 3463; x_wconf 87' lang='lat' dir='ltr'>copiis</span> <span class='ocrx_word' id='word_1_317' title='bbox 2101 3421 2117 3450; x_wconf 87' lang='lat'>‚</span> <span class='ocrx_word' id='word_1_318' title='bbox 2183 3379 2614 3460; x_wconf 80' lang='lat' dir='ltr'>hominisque</span> 
     </span>
     <span class='ocr_line' id='line_1_59' title="bbox 642 3452 2608 3539; baseline 0.001 -23"><span class='ocrx_word' id='word_1_319' title='bbox 642 3452 941 3516; x_wconf 87' lang='lat' dir='ltr'>fiduciam</span> <span class='ocrx_word' id='word_1_320' title='bbox 970 3454 1367 3539; x_wconf 86' lang='lat' dir='ltr'>stupentibus</span> <span class='ocrx_word' id='word_1_321' title='bbox 1386 3498 1403 3530; x_wconf 88' lang='lat'>‚</span> <span class='ocrx_word' id='word_1_322' title='bbox 1444 3474 1703 3538; x_wconf 85' lang='lat' dir='ltr'>portum</span> <span class='ocrx_word' id='word_1_323' title='bbox 1737 3460 2030 3524; x_wconf 75' lang='lat' dir='ltr'>in&#39;vectus</span> <span class='ocrx_word' id='word_1_324' title='bbox 2061 3460 2169 3523; x_wconf 79' lang='lat' dir='ltr'>est.</span> <span class='ocrx_word' id='word_1_325' title='bbox 2238 3464 2323 3522; x_wconf 80' lang='lat' dir='ltr'>At</span> <span class='ocrx_word' id='word_1_326' title='bbox 2353 3462 2608 3522; x_wconf 87' lang='lat' dir='ltr'>Roma·</span> 
     </span>
     <span class='ocr_line' id='line_1_60' title="bbox 640 3537 2615 3626; baseline 0.001 -29"><span class='ocrx_word' id='word_1_327' title='bbox 640 3558 762 3597; x_wconf 87' lang='lat' dir='ltr'>nus</span> <span class='ocrx_word' id='word_1_328' title='bbox 798 3537 1058 3608; x_wconf 86' lang='lat' dir='ltr'>consul,</span> <span class='ocrx_word' id='word_1_329' title='bbox 1103 3552 1172 3599; x_wconf 94' lang='lat' dir='ltr'>ut</span> <span class='ocrx_word' id='word_1_330' title='bbox 1200 3537 1680 3622; x_wconf 82' lang='lat' dir='ltr'>regredientem</span> <span class='ocrx_word' id='word_1_331' title='bbox 1716 3541 2164 3626; x_wconf 83' lang='lat' dir='ltr'>interciperet,</span> <span class='ocrx_word' id='word_1_332' title='bbox 2212 3541 2497 3603; x_wconf 85' lang='lat' dir='ltr'>selectas</span> <span class='ocrx_word' id='word_1_333' title='bbox 2530 3552 2615 3603; x_wconf 72' lang='lat' dir='ltr'>ex</span> 
     </span>
     <span class='ocr_line' id='line_1_61' title="bbox 642 3619 2604 3707; baseline 0.002 -26"><span class='ocrx_word' id='word_1_334' title='bbox 642 3619 1128 3682; x_wconf 83' lang='lat' dir='ltr'>omni-numero</span> <span class='ocrx_word' id='word_1_335' title='bbox 1173 3638 1369 3681; x_wconf 67' lang='lat' dir='ltr'>naves</span> <span class='ocrx_word' id='word_1_336' title='bbox 1412 3621 1635 3683; x_wconf 87' lang='lat' dir='ltr'>decem</span> <span class='ocrx_word' id='word_1_337' title='bbox 1665 3642 1784 3707; x_wconf 89' lang='lat' dir='ltr'>per</span> <span class='ocrx_word' id='word_1_338' title='bbox 1819 3638 2074 3686; x_wconf 88' lang='lat' dir='ltr'>noctem</span> <span class='ocrx_word' id='word_1_339' title='bbox 2116 3621 2336 3685; x_wconf 83' lang='lat' dir='ltr'>instrui</span> <span class='ocrx_word' id='word_1_340' title='bbox 2369 3623 2604 3703; x_wconf 81' lang='lat' dir='ltr'>jubet=</span> 
     </span>
     <span class='ocr_line' id='line_1_62' title="bbox 642 3699 2621 3791; baseline 0.002 -29"><span class='ocrx_word' id='word_1_341' title='bbox 642 3720 752 3787; x_wconf 74' lang='lat' dir='ltr'>eas</span> <span class='ocrx_word' id='word_1_342' title='bbox 788 3699 865 3760; x_wconf 87' lang='lat' dir='ltr'>ab</span> <span class='ocrx_word' id='word_1_343' title='bbox 893 3714 1169 3782; x_wconf 85' lang='lat' dir='ltr'>utroque</span> <span class='ocrx_word' id='word_1_344' title='bbox 1205 3701 1405 3762; x_wconf 86' lang='lat' dir='ltr'>latere</span> <span class='ocrx_word' id='word_1_345' title='bbox 1439 3715 1689 3784; x_wconf 86' lang='lat' dir='ltr'>portus,</span> <span class='ocrx_word' id='word_1_346' title='bbox 1746 3725 1930 3786; x_wconf 87' lang='lat' dir='ltr'>quam</span> <span class='ocrx_word' id='word_1_347' title='bbox 2042 3707 2251 3768; x_wconf 84' lang='lat' dir='ltr'>oxime</span> <span class='ocrx_word' id='word_1_348' title='bbox 2279 3706 2360 3772; x_wconf 89' lang='lat' dir='ltr'>ad</span> <span class='ocrx_word' id='word_1_349' title='bbox 2375 3707 2621 3791; x_wconf 26' lang='lat' dir='ltr'>*ipsum</span> 
     </span>
     <span class='ocr_line' id='line_1_63' title="bbox 645 3778 2662 3863; baseline 0.004 -19"><span class='ocrx_word' id='word_1_350' title='bbox 645 3781 783 3863; x_wconf 87' lang='lat' dir='ltr'>ejus</span> <span class='ocrx_word' id='word_1_351' title='bbox 815 3779 1059 3853; x_wconf 84' lang='lat' dir='ltr'>ostium,</span> <span class='ocrx_word' id='word_1_352' title='bbox 1105 3778 1446 3847; x_wconf 86' lang='lat' dir='ltr'>cohstituit.</span> <span class='ocrx_word' id='word_1_353' title='bbox 1507 3784 1844 3858; x_wconf 88' lang='lat' dir='ltr'>Hannibal,</span> <span class='ocrx_word' id='word_1_354' title='bbox 1875 3802 1949 3848; x_wconf 87' lang='lat' dir='ltr'>ce</span> <span class='ocrx_word' id='word_1_355' title='bbox 1979 3788 2208 3848; x_wconf 86' lang='lat' dir='ltr'>eritate</span> <span class='ocrx_word' id='word_1_356' title='bbox 2232 3789 2414 3852; x_wconf 80' lang='lat' dir='ltr'>navis</span> <span class='ocrx_word' id='word_1_357' title='bbox 2447 3804 2610 3850; x_wconf 81' lang='lat' dir='ltr'>suae</span> <span class='ocrx_word' id='word_1_358' title='bbox 2661 3843 2662 3852; x_wconf 70' lang='grc'>,</span> 
     </span>
     <span class='ocr_line' id='line_1_64' title="bbox 646 3860 2618 3951; baseline 0.004 -26"><span class='ocrx_word' id='word_1_359' title='bbox 646 3860 956 3937; x_wconf 85' lang='lat' dir='ltr'>confisus,</span> <span class='ocrx_word' id='word_1_360' title='bbox 986 3863 1159 3923; x_wconf 86' lang='lat' dir='ltr'>clara</span> <span class='ocrx_word' id='word_1_361' title='bbox 1184 3862 1330 3924; x_wconf 86' lang='lat' dir='ltr'>luce</span> <span class='ocrx_word' id='word_1_362' title='bbox 1360 3866 1678 3948; x_wconf 84' lang='lat' dir='ltr'>procedit.</span> <span class='ocrx_word' id='word_1_363' title='bbox 1742 3868 2188 3951; x_wconf 85' lang='lat' dir='ltr'>exspectabant</span> <span class='ocrx_word' id='word_1_364' title='bbox 2216 3889 2364 3932; x_wconf 89' lang='lat' dir='ltr'>eum</span> <span class='ocrx_word' id='word_1_365' title='bbox 2388 3871 2618 3935; x_wconf 86' lang='lat' dir='ltr'>inten-</span> 
     </span>
    </p>
   </div>
   <div class='ocr_carea' id='block_1_17' title="bbox 1138 3974 1312 3985">
    <p class='ocr_par' dir='ltr' id='par_1_17' title="bbox 1138 3974 1312 3985">
     <span class='ocr_line' id='line_1_65' title="bbox 1138 3974 1312 3985; baseline 0 674"><span class='ocrx_word' id='word_1_366' title='bbox 1138 3974 1312 3985; x_wconf 95' lang='lat' dir='ltr'> </span> 
     </span>
    </p>
   </div>
   <div class='ocr_carea' id='block_1_18' title="bbox 647 3994 2608 4162">
    <p class='ocr_par' dir='ltr' id='par_1_18' title="bbox 647 3994 2608 4162">
     <span class='ocr_line' id='line_1_66' title="bbox 647 3994 2608 4141; baseline 0.008 -69"><span class='ocrx_word' id='word_1_367' title='bbox 647 4018 862 4141; x_wconf 48' lang='lat' dir='ltr'><strong>D‘cap&#39;</strong></span> <span class='ocrx_word' id='word_1_368' title='bbox 883 4023 952 4076; x_wconf 87' lang='lat' dir='ltr'>X.</span> <span class='ocrx_word' id='word_1_369' title='bbox 992 4019 1243 4076; x_wconf 81' lang='lat' dir='ltr'>Diodor.</span> <span class='ocrx_word' id='word_1_370' title='bbox 1279 4024 1558 4079; x_wconf 83' lang='lat' dir='ltr'>Zonaras.</span> <span class='ocrx_word' id='word_1_371' title='bbox 1632 4025 1775 4098; x_wconf 82' lang='lat' dir='ltr'>Cap.</span> <span class='ocrx_word' id='word_1_372' title='bbox 1796 4023 1894 4081; x_wconf 88' lang='lat' dir='ltr'>x1.</span> <span class='ocrx_word' id='word_1_373' title='bbox 1930 3994 2412 4098; x_wconf 67' lang='lat' dir='ltr'>biodonPolyb.</span> <span class='ocrx_word' id='word_1_374' title='bbox 2438 4029 2608 4101; x_wconf 70' lang='lat'><strong>1247·</strong></span> 
     </span>
     <span class='ocr_line' id='line_1_67' title="bbox 702 4084 2218 4162; baseline 0.009 -21"><span class='ocrx_word' id='word_1_375' title='bbox 702 4084 897 4144; x_wconf 73' lang='lat' dir='ltr'>lodor.</span> <span class='ocrx_word' id='word_1_376' title='bbox 932 4085 1138 4162; x_wconf 82' lang='lat' dir='ltr'>Polyb.</span> <span class='ocrx_word' id='word_1_377' title='bbox 1158 4091 1323 4160; x_wconf 73' lang='lat'>-2,46.</span> <span class='ocrx_word' id='word_1_378' title='bbox 1481 4111 1484 4114; x_wconf 64' lang='grc'><strong><em>’</em></strong></span> <span class='ocrx_word' id='word_1_379' title='bbox 2212 4115 2218 4120; x_wconf 90' lang='grc'><em>·</em></span> 
     </span>
    </p>
   </div>
  </div>
 </body>
</html>
