2717 4659
288 355 353 411 U.
373 357 558 423 c.5o4.

320 493 567 561 Lilybae-

281 580 366 612 um
380 578 592 642 confom-

289 645 412 682 atus
461 647 560 680 tm-

280 710 549 769 portatur.

319 1048 491 1102 Aliud
513 1049 595 1102 ae‘n·

285 1136 503 1169 commo-

284 1187 409 1236 dum
427 1179 555 1237 Ro!

283 1270 583 1332 manorqmo

624 148 744 207 ωε
799 95 1357 208 Fssnlusnmm
1383 102 2205 208 SUPPLEMENTORUM
2232 141 2373 202 Lm.
2390 140 2492 201 1x.

623 349 1012 413 referantur.
1073 350 1208 413 Sub
1228 347 1416 410 ‘idem
1447 362 1578 410 tem
1625 367 1700 410 us
1735 347 1926 410 etiam
1953 350 2338 416 aramma
2365 366 2552 408 naves

622 432 949 518 frumento
983 430 1231 494 onustas
1268 450 1546 514 rapuere
1635 429 1821 500 oeni,
1881 431 2378 512 Drepanumque
2414 449 2562 488 ave-

622 533 776 578 xere
794 534 814 591 3
861 526 927 575 et
946 512 1239 587 viciss'im,
1284 532 1366 573 ex
1395 532 1551 595 agro
1581 511 2019 593 Drepanitano
2051 525 2438 574 commeatus
2453 508 2555 570 Li-

622 596 910 678 lybaeum
942 593 1363 678 importantes
1384 636 1401 666 ‚
1446 596 1621 658 omni
1657 612 1900 676 genere
1936 592 2254 655 bonorum
2287 589 2554 654 obseffos

620 680 801 761 large
843 675 1238 738 refecerunt.
1321 680 1548 758 Neque
1601 674 1709 740 hic
1750 672 2026 736 substitit
2073 673 2209 753 ejus
2244 674 2392 734 anni
2424 672 2553 733 for-

619 774 808 830 tuna,
872 757 1027 841 quin
1068 757 1199 818 alio
1292 776 1507 840 noque
1551 777 1780 839 magno
1817 754 2226 830 incommodo
2263 764 2557 817 mactaret

619 843 966 912 Romanos,
1010 858 1133 901 nec
1161 858 1250 921 po
1304 840 1564 900 essione
1592 838 1786 900 modo
1801 837 2032 912 maris,
2084 836 2423 902 sedetiam
2450 853 2557 917 spe

620 919 918 1007 potiundi
949 919 1333 1005 depelleret.

740 1028 967 1089 XXIII.
1026 1027 1213 1088 Alter
1252 1026 1424 1088 enim
1466 1024 1685 1088 consul
1717 1028 1794 1086 L.
1826 1025 2057 1088 Jnnius
2077 1068 2094 1097 ‚
2152 1043 2295 1086 cum
2336 1043 2557 1085 onera-

621 1108 740 1169 riis
770 1109 983 1171 multis
1008 1151 1025 1183 ‚
1096 1107 1329 1192 quibus
1374 1128 1686 1169 annonam
1737 1108 1815 1169 ad
1857 1108 2209 1168 exercitum
2248 1105 2554 1178 deferret,

621 1189 1032 1275 rostratisque
1066 1190 1393 1272 sexaginta
1426 1210 1505 1250 ex
1543 1188 1721 1250 ltalia
1764 1190 2131 1273 profectus,
2189 1188 2301 1248 ubi
2340 1187 2557 1249 Mess'a-

621 1293 764 1331 nam
782 1272 1046 1355 adpulit,
1092 1271 1344 1332 obviam
1377 1272 1641 1332 aliarum
1670 1275 1924 1331 navium
1959 1269 2429 1331 multitudinem
2453 1270 2560 1329 ha-

618 1352 792 1425 buit,
838 1359 1005 1436 qu‘ae
1032 1366 1165 1416 tum
1208 1353 1285 1413 ab
1331 1352 1623 1414 exercitu
1644 1396 1661 1425 ,
1720 1367 1854 1416 tum
1882 1353 2032 1420 aliis
2068 1351 2330 1422 Siciliae
2363 1348 2557 1435 parti-

616 1434 738 1494 bus
779 1453 859 1494 eo
915 1447 1371 1496 convenerant.
1450 1436 1571 1494 His
1617 1433 1999 1516 adsumptis,
2063 1446 2129 1494 et
2175 1433 2364 1504 claffe
2400 1433 2559 1494 facta

617 1515 874 1577 navium
907 1516 1243 1597 longarum
1272 1528 1528 1576 centum
1564 1515 1829 1599 viginti,
1875 1514 2312 1578 onerariarum
2404 1532 2556 1596 rope
2613 1589 2619 1594 ·

618 1596 1162 1677 octingentarum,
1209 1595 1546 1676 Syracusas
1582 1597 1986 1679 provehitur.
2059 1595 2206 1675 Quo
2235 1615 2322 1678 po
2351 1601 2556 1679 tquam

618 1678 797 1739 venit
821 1720 838 1750 ,
880 1673 1318 1761 quaestoribus
1347 1689 1593 1759 partem
1632 1677 1889 1738 navium
1921 1678 2292 1759 Lilybaeum.
2311 1678 2555 1744 ducen-

619 1758 764 1819 dam
797 1760 1021 1820 tradit:
1081 1757 1216 1841 ipse
1264 1756 1545 1819 subsistit
1598 1759 1928 1839 Syracusis
1954 1802 1970 1831 ,
2014 1757 2388 1840 exspectans
2421 1779 2554 1834 eos,

617 1840 729 1924 qui
776 1841 1050 1902 Mess'ana
1095 1837 1618 1921 proficiscentem
1674 1840 1980 1922 consequi
2022 1860 2154 1901 non
2194 1852 2556 1923 potuerant,

618 1922 806 1986 simul
833 1941 1145 1984 annonam
1180 1941 1421 2003 cogens
1445 1965 1462 1995 ‚
1530 1942 1718 2018 quam
1755 1939 1835 1981 ex
1864 1922 2027 1983 locis
2061 1921 2554 1986 mediterraneis

619 2002 784 2066 socii
830 2002 1289 2065 subvehebant.
1369 2001 2030 2084 Interim‘Adherbal,
2070 2003 2271 2065 missis
2298 2005 2554 2068 Cartha.

472 2109 477 2118 ·
522 2101 531 2108 ’
616 2085 834 2168 ginem
867 2085 1133 2146 navibus
1164 2083 1663 2180 hominibusque
1698 2085 1991 2167 captivis,
2036 2085 2294 2146 fortuna
2320 2087 2555 2168 gloria-

317 2174 578 2227 Carthalo

277 2244 544 2308 adversus

281 2311 510 2361 classem

289 2377 571 2429 Rdn'nmam

281 2450 553 2500 uiuitur.

618 2187 743 2249 que
784 2165 863 2226 ad
908 2187 1016 2227 res
1054 2164 1369 2248 gerendas
1405 2166 1711 2228 incitante
1728 2205 1762 2239 ,ι
1813 2166 2219 2238 Carthaloni,
2269 2169 2384 2249 qui
2418 2183 2555 2229 suas

620 2247 1017 2342 septuaginta
1047 2266 1241 2316 naves
1279 2267 1419 2308 cum
1455 2247 1723 2309 totidem
1755 2246 1961 2310 ferme
2003 2247 2320 2309 onerariis
2363 2270 2444 2312 ex
2476 2256 2557 2310 A·

615 2327 779 2388 frica
816 2327 1200 2401 adduxerat,
1263 2329 1532 2410 triginta
1561 2328 1716 2390 alias
1762 2327 2046 2402 addidit,
2103 2329 2413 2413 misitque
2446 2331 2555 2394 ho-

617 2410 856 2470 minem
889 2409 967 2470 ad
1005 2430 1199 2472 nares
1226 2412 1700 2484 Romanorum,
1756 2430 1918 2494 quae
1955 2412 2024 2470 in
2056 2425 2251 2494 portu
2282 2411 2367 2473 ad
2391 2414 2556 2494 Lily-

615 2489 845 2554 baeum
872 2488 1143 2564 stabant,
1190 2490 1634 2553 abstrahendas
1665 2506 1771 2556 aut
1807 2492 2332 2576 corrumpendas.
2421 2495 2553 2567 Ille,

572 2623 577 2630 .
618 2572 736 2633 sub
754 2573 1026 2655 primam
1050 2573 1258 2635 lucem
1290 2593 1519 2669 magno
1550 2587 1807 2635 terrore
1837 2573 2153 2648 invectus,
2241 2596 2397 2637 uum
2419 2577 2556 2660 aliis

317 2859 494 2914 Naves
531 2877 590 2914 a·

282 2929 463 3012 liquot·
479 2948 592 2984 cor-

280 3011 486 3068 rumpu
504 3016 593 3054 ca-

275 3068 483 3138 fitque.

333 3772 563 3830 Romane·

615 2655 871 2716 navium
905 2675 1161 2728 manus,
1208 2655 1352 2716 aliis
1393 2675 1606 2737 ignem
1643 2654 1980 2735 injiceret,
2023 2659 2094 2717 ‘et
2119 2656 2188 2717 in
2274 2677 2559 2729 omanus,

617 2737 693 2797 ad
715 2734 1163 2797 defensionem
1197 2737 1453 2797 navium
1490 2735 1907 2798 adcurrentes
1927 2779 1943 2808 ,
1987 2738 2357 2821 praefectus
2383 2739 2558 2802 urbis

617 2817 900 2878 Himilco
934 2818 1373 2879 mercenarios
1403 2818 1813 2901 eruptionem
1845 2818 2064 2882 facere
2094 2815 2401 2899 juss'iss'et,
2435 2843 2558 2881 ma-

619 2918 740 2980 gna
770 2898 838 2958 in
883 2896 1096 2960 castris
1147 2899 1495 2982 trepidatio
1534 2900 1678 2961 fuit.
1737 2901 1816 2962 ad
1855 2913 2210 2962 extremum
2238 2903 2557 2975 Carthalo,

620 2980 969 3041 confractis
997 3000 1126 3040 non
1153 2979 1240 3041 ita
1275 2982 1513 3054 multia,
1560 2981 1844 3068 abreptis
1886 2984 2169 3068 quinque
2190 3025 2207 3057 ‚
2249 2983 2558 3047 Heracle-

618 3079 717 3121 am
742 3062 965 3124 versus
1012 3061 1260 3123 cursum
1291 3062 1550 3124 direxit.
2195 3071 2200 3078 '

742 3193 973 3257 XXIV.
1015 3193 1101 3254 Iis
1125 3192 1288 3258 locis
1323 3195 1682 3267 excubanti,
1712 3216 1795 3260 ne
1825 3197 1970 3279 quis
1988 3198 2424 3258 Romanorum
2444 3196 2559 3258 im-

619 3294 791 3355 pune
832 3273 1603 3361 Lilybaeun'unavigaret,
1647 3280 2025 3350 nunciatur,
2069 3277 2324 3338 navium
2354 3277 2561 3340 omnis

623 3356 882 3436 generis
906 3357 1355 3428 claffembaud
1374 3359 1825 3443 poenitendam
1860 3359 2225 3424 adventare.
2267 3362 2412 3422 Jam
2429 3361 2559 3431 ille,

620 3437 987 3518 praefectos
1023 3440 1187 3506 alios
1232 3442 1312 3504 ad
1366 3463 1435 3504 se
1483 3440 1959 3525 pertrahendo,
2021 3461 2217 3502 naves
2251 3439 2454 3504 bonas
2488 3441 2565 3503 ad

621 3532 878 3580 centum
906 3521 1138 3603 viginti
1170 3522 1499 3592 effetaerat.
1563 3521 1838 3588 confisus
1868 3523 2068 3608 igitur
2097 3521 2344 3586 viribus
2371 3538 2444 3586 et
2463 3546 2562 3585 su-

619 3601 886 3683 periore
925 3603 1198 3668 victoria
1222 3647 1241 3677 ‚
1285 3605 1615 3672 confestim
1650 3604 1986 3688 egreditur
2016 3619 2208 3688 portu
2230 3643 2247 3676 ‚
2293 3607 2563 3667 venien-

619 3682 921 3767 tibusque
955 3688 1260 3750 occurrit.
1330 3692 1520 3752 Juxta
1560 3689 1836 3752 Geloum
1866 3686 2019 3748 litus
2047 3687 2116 3747 in
2154 3687 2565 3771 conspectum

620 3764 841 3825 class'es
869 3785 1133 3831 venere.
1213 3770 1330 3832 sed
1367 3771 1640 3832 Romani
1679 3767 2074 3853 quaestores,
2123 3769 2328 3853 impar
2353 3784 2561 3832 certa-

689 3922 832 3988 Cap.
853 3920 1028 3974 XXII.
1064 3921 1311 3989 Oros‚.4‚
1333 3941 1413 3976 ιο.
1446 3920 1697 3977 Diodor.
1729 3919 1733 3924 ’
1757 3887 2138 3994 'ca'pssxan
2172 3920 2378 3990 Polyb.
2404 3939 2455 3987 1,
2476 3921 2561 3976 5².

617 3988 1109 4131 gilodoraePolyb.
1144 3991 1404 4064 Diodnr.
1435 3990 1730 4063 Polybius.
1788 3994 1932 4065 Cap.
1952 3993 2156 4048 xle.
2187 3990 2362 4046 Diod.
2385 3995 2562 4047 etPo·
