2717 4659
550 203 559 208 “
605 215 695 280 m
735 191 1037 280 Locum
1072 215 1232 278 mn.
1271 216 1414 278 xx.
1458 189 1681 282 mvnl
1986 214 2106 280 ,ω

163 442 345 508 quam
379 422 677 505 exposita
702 393 1157 502 incusatoribus
1194 424 1379 506 signa
1411 424 1609 486 certis
1646 424 1883 487 ictibus
1920 439 2103 508 pete·
2165 423 2438 487 (Le-5²8·

160 503 423 568 banturt
471 504 909 586 cadebantque
943 502 1152 574 inulti,
1197 504 1373 586 quod
1403 527 1615 590 neque
1635 507 1839 568 ferire
1863 504 2105 569 hostem

154 586 410 649 eminus
433 598 732 667 poterant
754 626 770 656 ,
817 605 1028 667 neque
1061 587 1352 647 conserta
1375 589 1564 651 manu
1584 590 1858 671 pugnari
1885 609 2104 650 secum

154 666 345 752 levis=
369 679 687 728 armatura
716 665 1100 749 patiebatur.
1182 689 1305 750 qua
1342 666 1790 752 desperatione
1826 691 1976 754 pars
2009 683 2106 731 te·
2149 663 2156 671 ⁵

158 768 330 810 mere
377 747 449 807 in
497 745 736 808 hostem
770 761 1108 822 ruentes„
1191 749 1520 832 riusquam
1560 750 1889 811 ad·manus
1925 753 2106 812 veni-

155 843 333 902 rent,
391 828 735 897 miss'ilibus
785 828 1076 892 confossi
1175 830 1602 894 emebantur:
1664 832 1907 902 ceteri,
1957 853 2104 894 sen·
2186 870 2194 878 -

161 911 274 971 sim
308 910 686 971 referentes
707 907 1011 992 gradum,¹
1032 930 1293 972 suorum
1322 912 1780 995 perturbabant
1814 913 2100 975 ordines.
2127 963 2136 992 ,
2200 933 2206 940 ·

158 995 241 1054 lta
277 990 698 1053 Gaefatarum
736 990 874 1051 acie
907 1011 1030 1074 per
1058 993 1288 1068 velites
1328 994 1617 1074 disjecta,
1661 994 1875 1077 gravis
1901 1017 2103 1055 arma-

148 1086 333 1134 turae
362 1072 581 1146 miles,
623 1072 825 1152 Bojos
849 1072 1281 1158 Insubresque
1312 1095 1389 1136 ac
1412 1076 1761 1138 Tauriscus
1792 1076 2104 1161 undiqua-

152 1175 275 1239 que
313 1153 590 1218 adortus
615 1197 632 1228 ‚
678 1154 912 1218 multos
961 1154 1317 1220 interfecit.
1679 1165 1684 1173 ·

144 1365 159 1372 -
227 1320 460 1383 XLIII.
506 1316 768 1379 Stabant
803 1330 1014 1382 tamen
1047 1315 1401 1380 obfirmatis
1441 1309 1691 1391 animis,
1735 1293 1820 1381 ne
1912 1325 1950 1380 e·
1977 1319 2103 1380 tilla
2145 1337 2436 1392 Armorum

146 1398 629 1471 reinseriores,
655 1400 803 1462 ,nisi
835 1398 1008 1482 quod
1035 1421 1359 1462 armorum
1387 1421 1631 1482 genere
1660 1400 1847 1462 vince
1896 1414 2101 1471 antur,
2126 1405 2435 1474 gummi·-

151 1502 230 1542 ne
277 1501 378 1542 ue.
407 1479 491 1542 ad
521 1480 936 1542 muniendum
971 1500 1208 1563 corpus
1236 1495 1384 1565 apte
1423 1478 1710 1546 instructi
1728 1523 1745 1553 ‚
1789 1502 2001 1564 neque
2022 1481 2103 1542 ad
2124 1485 2329 1534 cuntur,
2358 1488 2437 1524 θ’·

144 1501 395 1623 hoaem
428 1559 945 1644 percutiendum.
994 1561 1250 1647 ‚gladius
1287 1562 1458 1637 enim
1492 1563 1778 1625 Gallicus
1800 1604 1817 1634 ‚
1862 1576 2097 1639 tantum
2125 1555 2243 1623 ‘lm
2261 1558 2360 1658 'fg-'⁸

150 1642 230 1702 ad
267 1662 414 1704 rem
454 1641 698 1703 caesim
735 1642 1082 1724 gerendam
1116 1643 1663 1715 accommodatus,
1725 1653 2103 1704 mucronem
2124 1611 2290 1676 ‘'fi'‘
2326 1625 2433 1661 ⁷⁶⁸⁶

148 1722 460 1785 idoneum
502 1743 635 1782 non
685 1722 921 1784 habet:
976 1738 1317 1807 praeterea
1356 1724 1434 1785 ad
1478 1724 1756 1808 primum
1782 1723 1977 1786 ictum
2001 1723 2125 1784 in-.

148 1818 499 1877 curvatur,
548 1819 895 1900 sequentes
943 1826 1025 1866 ue
1075 1825 1301 1888 parum
1325 1804 1651 1871 ‘efficaces
1678 1804 1908 1876 habet,
1969 1804 2101 1866 nisi

149 1885 318 1967 pede
393 1886 599 1946 ress'us
636 1898 870 1947 iterum
949 1886 1604 1968 irigatur.'Eventum
1626 1886 1888 1969 proelii,
1909 1904 2104 1969 quum
2135 1961 2144 1966 -
2199 1921 2209 1930 -

149 1970 219 2026 in
244 1987 349 2028 me
381 1965 530 2027 iore
550 1988 665 2050 spe
686 1967 957 2051 Romani
987 1970 1207 2040 estem,
1251 1967 1418 2029 haud
1451 1968 1714 2056 dubium
1734 1968 1891 2030 fecit
1920 1986 1957 2029 e
2004 1966 2105 2028 ui-

146 2061 283 2110 tum
307 2047 586 2118 reditus,
633 2048 743 2132 qui
762 2089 779 2120 ‚
822 2049 1073 2111 Gallico
1094 2048 1481 2132 equitatuin
1504 2048 1718 2133 sugam
1747 2069 1886 2112 com
1937 2071 1976 2108 u
2006 2068 2102 2121 so,

146 2149 226 2191 ex
256 2130 440 2191 colle
476 2128 902 2191 decurrentes
927 2172 943 2203 ‚
1015 2135 1082 2191 in
1123 2131 1287 2191 latus
1332 2129 1601 2192 hostium
1644 2130 1832 2214 inpre
1887 2148 2103 2191 ionem

142 2210 455 2272 fecerunt
480 2254 498 2283 ‚
559 2223 734 2286 tanto
761 2211 972 2276 minus
1003 2212 1408 2292 tolerabilem
1426 2256 1446 2286 ‚
1494 2212 1669 2294 quod
1696 2233 1777 2273 ex
1806 2211 2102 2295 superio-

146 2312 220 2354 re
252 2294 407 2354 loco
450 2292 815 2375 ingruebat.
877 2294 1023 2354 Hoc
1059 2294 1329 2355 maxime
1372 2295 1566 2355 modo
1611 2314 1753 2355 cum
1789 2294 1993 2355 Gallis
2035 2292 2103 2352 in

141 2374 418 2440 Etruria
436 2396 525 2457 pu
572 2388 784 2435 natum
801 2374 1107 2454 Polybius
1140 2374 1442 2437 tradidit:
1489 2399 1522 2436 a
1554 2396 1680 2458 quo
1699 2396 1924 2458 parum
1950 2394 2104 2457 pro-

142 2454 464 2517 babiliter
496 2477 531 2514 a
558 2455 608 2515 ii
642 2454 1035 2517 distentiunt.
1096 2456 1242 2539 quis
1278 2457 1452 2517 enim
1477 2471 1723 2518 temere
1756 2454 1977 2517 credat
2015 2455 2103 2515 ita

187 2536 369 2597 otius
393 2556 536 2596 rem
568 2534 800 2619 gestam
832 2536 981 2609 effe,
1026 2551 1097 2598 ut
1126 2538 1346 2599 Gallos
1378 2535 1574 2600 no'ctu
1605 2551 1744 2598 orta
1766 2534 2100 2621 tempestas

168 2637 383 2700 agere
416 2619 728 2701 coegerit,
772 2629 1089 2701 tamquam
1117 2619 1408 2680 Deorum
1429 2619 1600 2679 'iram
1628 2619 1953 2690 timentem,
1984 2639 2100 2701 po-

134 2696 419 2761 stremos
468 2720 552 2759 ue
574 2703 796 2760 eorum
826 2698 1151 2781 adgreffus
1175 2700 1248 2761 C.
1280 2700 1517 2762 Atilius
1537 2700 1956 2762 occubuerit:
1987 2699 2101 2760 de-

138 2778 305 2842 inde
337 2799 432 2865 po
510 2781 755 2875 aliquot
800 2779 979 2854 dies,
1043 2801 1239 2864 quum
1272 2780 1523 2843 interea
1562 2801 1679 2864 suo
1720 2781 1995 2865 quilibet
2030 2780 2103 2842 in

136 2861 319 2925 colle
355 2882 436 2924 se
471 2860 909 2936 contmuiss'et‚
967 2864 1045 2923 L.
1091 2861 1408 2932 Aemilius
1443 2884 1587 2926 cum
1621 2863 1911 2925 ex'ercitu
1945 2863 2100 2924 Gal-

134 2943 271 3005 lico
288 2942 616 3028 prospere
652 2942 1082 3026 pugnaverit?
1128 2949 1352 3027 Neque
1393 2946 1539 3028 plus
1565 2943 1898 3006 merentur
1918 2941 2095 3016 fidei,

137 3025 251 3119 qui
294 3045 556 3109 pugnae
589 3026 802 3086 locum
834 3036 918 3086 ex
949 3025 1193 3088 litorali
1228 3026 1501 3109 regione
1545 3026 1614 3106 in
1645 3045 1868 3109 agrum
1895 3025 2098 3087 Arre-

136 3119 351 3169 tinum
377 3106 873 3170 transtulerunt.
1102 3107 1105 3112 ’

255 3293 496 3358 XLIV.
549 3292 862 3357 Cecidiss’e
900 3306 1036 3355 tum
1076 3296 1406 3359 Gallorum
1444 3291 1646 3357 millia
1678 3293 2094 3394 quadraginta
2144 3308 2433 3361 Gallorum

128 3394 263 3438 non
319 3375 692 3459 ambigitur.
762 3390 943 3459 capta
985 3393 1132 3439 sunt
1165 3377 1336 3440 haud
1374 3378 1585 3448 minus
1628 3378 1828 3440 millia
1870 3376 2096 3437 decem
2120 3365 2433 3444 magneta„

134 3477 284 3519 cum
323 3478 461 3519 uno
493 3459 1210 3542 regum'Concolitano:
1269 3460 1466 3533 alius,
1513 3457 1938 3531 Aneroestus‚
1985 3456 2096 3541 qui
2121 3447 2232 3497 aas.

127 3539 496 3623 plurimum
530 3540 839 3624 opinione
865 3539 1125 3603 virtutis
1165 3554 1232 3603 et
1269 3541 1560 3627 potentia
1580 3543 1896 3613 valuerat,
1940 3559 2099 3623 pau-

130 3621 231 3682 cis
272 3621 742 3683 comitantibus
775 3619 1022 3704 elapsus
1045 3665 1063 3695 ‚
1108 3622 1177 3682 in
1200 3622 1363 3705 ‘fuga
1397 3623 1792 3685 necess'arios
1819 3642 1970 3683 suos
1995 3640 2097 3704 se-

130 3723 264 3787 que
298 3702 516 3788 ipsum
548 3718 722 3766 secta
754 3706 901 3789 gula
916 3702 1269 3766 interemit.
1310 3708 1599 3789 Recepta
1634 3700 1721 3765 est
1738 3702 1976 3787 praeda
1996 3701 2099 3760 in-

127 3803 334 3869 gens,
379 3807 579 3871 quam
613 3787 835 3850 consul
863 3783 1258 3848 reddendam
1278 3787 1375 3868 fiis
1410 3784 1678 3860 curavit,
1727 3783 1959 3867 quibus
1986 3780 2098 3843 ad-

189 4051 347 4125 Gap.
369 4054 580 4110 XLIII.
619 4011 827 4121 Polyb.
846 4068 896 4117 a,
913 4051 994 4108 33.
1033 4049 1241 4119 Polyb.
1256 4071 1310 4118 2,
1323 4051 1413 4106 30.
1434 4050 1713 4104 Zonaras.
1735 4009 1911 4103 Oros.
1931 4050 1984 4117 4,
2005 4046 2088 4104 ι3.

122 4114 509 4198 Gap-XLIV.
549 4124 859 4196 Eutrop.l.
879 4124 935 4183 3.
971 4119 1188 4191 Polyb.
1211 4116 1666 4193 Diod.Eclog.l.
1686 4119 1776 4177 25·
1810 4117 2019 4191 Polyb.

1897 4337 1930 4362 ἱ
