2717 4659
515 197 601 259 IN
641 193 1140 259 1.octm-mn.
1178 152 1349 260 im.
1388 193 1616 262 Lrvn.
1925 195 2035 271 ι.;,3

994 332 2035 348 ——wu-q—-Q

162 401 212 463 ad
227 392 383 462 unum
409 402 557 463 inde
589 370 862 461 milliare
886 398 1080 462 castra
1107 403 1342 465 locant.
1387 405 1587 465 Erant
1612 418 1747 472 tum
1775 403 1838 464 in
1862 404 2037 487 agris
2094 403 2163 460 U·
2179 405 2381 479 0491,

159 499 377 543 maturae
403 485 622 567 fruges
643 524 659 552 ,
723 496 787 544 et
811 504 842 555 ,¹
921 485 1024 543 uia
1069 482 1434 546 diuturnam
1470 485 1615 547 fore
1648 484 2041 549 obfidionem

75 640 76 649 ἵ
159 565 455 647 apparebat,
498 564 739 626 milites
774 563 864 624 stu
910 564 976 626 io
1000 564 1367 627 demetendi
1393 567 1871 650 colligendique
1900 566 2040 627 fru-

159 646 305 705 menti
333 647 583 729 longius
613 660 680 706 et
716 645 1057 718 incautius,
1104 667 1290 730 quam
1312 646 1487 709 hoste
1511 662 1637 710 tam
1666 648 2041 732 propinquo

159 748 241 808 par
266 728 429 800 effet,
496 728 905 811 vagabantur.
989 732 1215 811 Neque
1245 728 1803 812 Carthaginienses
1836 729 2041 813 impe-

162 809 248 869 rite
270 823 362 869 aut
391 810 679 891 segniter
703 806 1027 870 occasione
1044 810 1180 883 usi,
1223 832 1512 895 magnam
1542 812 1893 873 intuliss'ent
1912 812 2042 872 cla-

162 887 279 960 dem,
315 890 432 951 nisi
462 890 850 951 tantumdem
887 890 1128 952 virtute
1171 890 1579 955 restituiss'ent
1610 891 1883 954 Romani
1918 894 2041 954 mi·

161 968 294 1040 lites,
336 987 630 1054 quantum
665 972 1061 1067 negligentia
1142 973 1538 1035 erdiderant.
1678 997 1827 1035 uum
1868 975 2042 1036 enim

161 1049 594 1113 frumentatores
649 1052 927 1115 subitum
974 992 1168 1117 bustris
1207 1055 1293 1115 im
1342 1070 1515 1116 etum
1557 1077 1629 1127 su
1682 1056 1865 1117 inere
1910 1077 2044 1117 non

190 1133 434 1194 otuiss‘ent
456 1175 472 1206 ,
517 1135 727 1195 Poeni
765 1134 845 1194 ad
877 1135 1011 1217 ipsa
1046 1133 1238 1196 castra
1266 1078 1549 1198 lfomana
1575 1153 2040 1221 perrexerunt:

158 1152 426 1297 divisoque
461 1215 717 1297 agmine
754 1214 1008 1299 quidam
1043 1217 1272 1280 vallum
1310 1217 1681 1281 rescindere
1710 1218 2040 1304 parabant,

158 1293 234 1432 lim
264 1315 383 1356 cum
416 1294 684 1358 statione
730 1318 853 1381 pro
890 1294 1107 1359 castris
1146 1299 1351 1361 locata
1381 1301 1708 1384 proelium
1741 1298 2041 1363 consere-

187 1389 283 1436 ant.
1229 1393 1233 1397 ⁴
1492 1396 1509 1411 '⁸

243 1483 328 1542 LI.
371 1485 552 1545 Tunc
581 1484 817 1567 igitur,
866 1485 1033 1547 sieut
1069 1485 1224 1547 alias
1270 1506 1502 1570 saepe,
1546 1486 1814 1550 militiae
1856 1488 2041 1573 leges
2118 1502 2379 1577 Discipti.,

161 1572 206 1620 et
226 1562 608 1660 incorruptus
633 1566 1013 1650 disciplinae
1044 1567 1248 1651 rigor,
1292 1589 1432 1630 rem
1463 1564 1807 1652 ancipitem
1825 1585 1888 1632 et
1906 1571 2041 1632 exi·
2068 1587 2141 1623 na
2182 1575 2380 1628 Roma-

160 1640 484 1706 tio'Romam
526 1647 849 1709 exercitus
882 1650 1163 1709 casuram
1197 1651 1427 1731 eregit.
1472 1648 1666 1744 Quod
1687 1653 1860 1712 enim
1890 1673 2043 1735 qua-
2103 1657 2174 1692 Μ
2200 1659 2384 1723 sf'vm

163 1740 370 1809 cumque
409 1727 491 1790 de
540 1729 743 1790 cauffa
791 1726 1121 1791 stationem
1169 1730 1516 1792 deseruiss'e
1565 1732 1836 1814 capitale
1877 1732 2045 1816 apud
2070 1724 2381 1768 '’mmm“

161 1803 415 1869 Romanos
448 1808 574 1883 est,
621 1811 1035 1873 excubitores
1060 1855 1084 1885 ,
1120 1812 1282 1872 nihil
1322 1811 1387 1871 in
1426 1812 1576 1895 fuga
1613 1813 1756 1896 spei
1787 1813 2046 1898 reposi-

164 1895 254 1946 tum
276 1891 387 1951 effe
420 1894 670 1974 gnari„
714 1913 1089 1976 quamquam
1131 1914 1400 1955 numero
1431 1894 1624 1975 longe
1661 1915 2045 1977 superaren-

165 1977 259 2039 tur,
295 1995 558 2056 pugnam
599 1972 1120 2058 praesentiffimis
1153 1974 1382 2035 animis
1419 1972 1795 2048 sustinuere,
1822 1978 2046 2038 multis

166 2049 362 2128 quidem
393 2075 658 2115 suorum
700 2055 974 2129 amiss'is,
1022 2056 1138 2117 sed
1172 2054 1443 2116 hostium
1491 2056 1857 2118 interfectis
1900 2060 2046 2141 plu-

165 2129 325 2195 ribus:
367 2135 573 2197 donec
606 2137 838 2197 armari
866 2137 1167 2199 cohortes
1189 2136 1759 2220 laborantibusque
1782 2159 2046 2203 succur-
2138 2194 2145 2201 ,

165 2226 270 2300 ζετο
293 2230 650 2298 potuerunt.
695 2218 784 2279 ita
811 2231 875 2291 et
904 2218 1012 2280 hic
1049 2217 1220 2302 pulsi
1255 2216 1489 2292 hostes,
1539 2232 1624 2291 et,
1717 2220 1779 2279 ui
1810 2220 2047 2283 vallum
2138 2242 2383 2304 ἥκω,
2489 2224 2494 2231 ’

164 2307 248 2367 jam
270 2318 455 2382 prope
507 2313 852 2383 ceperant,
900 2300 1343 2364 circumventi.
1421 2316 1646 2384 magna
1670 2239 1771 2362 ilbi
1815 2303 2047 2365 caedes
2070 2330 2228 2385 penes
2283 2319 2381 2372 Ro-

165 2369 264 2436 fuit.
309 2378 556 2443 ceteros
581 2381 660 2441 ad
692 2381 913 2442 urbem
936 2403 1141 2477 usque
1170 2383 1442 2442 Romani
1473 2384 1848 2465 persequuti
1878 2398 2046 2446 sunt.
2076 2401 2280 2441 manu.

165 2456 228 2513 Ea
254 2480 344 2521 res
375 2464 437 2522 in
470 2461 796 2546 posterum
829 2476 892 2524 et
931 2462 1295 2529 timidiores
1324 2463 1406 2523 ad
1435 2464 1895 2547 erumpendum
1928 2465 2047 2526 bo-

164 2531 263 2612 stes,
294 2555 350 2603 et
365 2546 686 2606 cautiores
706 2546 1028 2605 Romanos
1047 2546 1122 2604 ad
1165 2545 1680 2605 frumentandum
1716 2544 1892 2608 fecit.
1946 2548 2051 2608 In·

166 2615 219 2712 dc
246 2644 413 2704 quum
444 2628 716 2709 segnior
742 2625 868 2687 ess'e
906 2628 1213 2710 coepill'et
1248 2626 1582 2687 contentio
1603 2668 1619 2698 ,
1664 2626 1897 2698 rarius,
1927 2644 2050 2689 nec

2103 1842 2316 1916 Pugna'.
2376 1848 2381 1853 ’

77 2768 78 2773 1
164 2702 256 2763 msi
276 2704 342 2764 ad
383 2708 551 2769 levia
581 2707 930 2769 certamina
978 2707 1470 2769 excurrentibus
1504 2708 1782 2777 Poenis,
1845 2709 2051 2771 dividi

77 2812 80 2841 z
167 2787 331 2867 cppias
346 2789 606 2870 placuit,
634 2802 699 2850 et
717 2788 961 2850 duabus
983 2789 1163 2850 urbis
1176 2789 1506 2929 flatibus,
1534 2789 1686 2851 binc
1706 2789 1782 2850 ad
1801 2791 2051 2853 Aescu-

166 2858 278 2946 lapii
307 2867 513 2930 fanum
536 2912 552 2944 ,
595 2870 745 2931 inde
780 2870 884 2932 via
907 2912 924 2943 ,
973 2891 1135 2953 quae
1242 2872 1558 2937 eracleam
1598 2871 1811 2943 ducit,
1857 2872 2053 2941 castra

167 2939 314 3008 statui.
388 2951 551 3013 baec
590 2951 772 3013 foss‘is
821 2952 1144 3034 utrimque
1199 2953 1599 3035 permunita:
1661 2974 1781 3036 qua
1824 2953 2054 3015 urbem

170 3031 511 3107 spectabant,
558 3032 888 3095 adversum
922 3034 1334 3117 eruptiones3
1402 3034 1568 3095 soris
1593 3077 1609 3108 ,
1660 3055 1787 3117 quo
1815 3037 2054 3110 tutiora

168 3122 335 3172 contra
356 3114 686 3177 invasuros
721 3115 955 3187 ess'ent,
1002 3113 1256 3199 iterque
1281 3115 1714 3178 subsidiorum
1741 3116 1805 3176 in
1826 3115 2054 3178 urbem
2138 3177 2153 3187 „

167 3185 720 3265 introducendorum
753 3195 1308 3279 praecluderetur.
1376 3197 1659 3258 medium
1707 3197 1877 3259 inter
1925 3197 2052 3261 duo

169 3269 309 3334 castra
354 3279 626 3425 spatium
675 3277 1124 3362 frequentibus
1170 3278 1522 3363 praesidiis
1550 3277 2052 3364 stationibusque

168 3368 360 3435 septum
394 3379 429 3420 e
485 3404 503 3420 .

252 3461 365 3533 LII·
420 3472 490 3529 In
528 3465 631 3527 his
672 3465 967 3528 omnibus
1000 3467 1266 3529 multum
1309 3453 1689 3545 juvabantur
1718 3484 1921 3549 opera
1947 3466 2050 3529 Si·
2078 3496 2369 3562 ghaun„

170 3539 436 3623 culorum,
483 3548 595 3633 qui
621 3568 855 3621 recens
887 3547 950 3608 in
988 3544 1180 3608 fidem
1213 3563 1561 3610 venerante
1627 3569 1899 3631 quorum
1934 3548 2050 3609 'am
2068 3577 2248 3640 studia
2261 3551 2385 3648 „324

169 3637 255 3681 una
271 3628 398 3689 cu’m
426 3631 732 3693 Romanis
757 3646 1010 3692 centum
1029 3629 1230 3691 millia
1247 3631 1411 3690 facta
1436 3643 1638 3690 erant.·
1692 3628 1793 3690 Ab
1815 3631 1897 3693 iis
1948 3651 2050 3692 em
2077 3642 2360 3699 Romam.

169 3717 497 3787 commeatus
527 3713 861 3773 Erbess'um
890 3733 1097 3796 usque
1120 3711 1671 3773 subvehebantur:
1717 3711 1794 3772 ab
1833 3732 1912 3774 eo
1936 3712 2051 3774 de-

170 3779 344 3883 inceps
372 3815 452 3877 op
502 3794 612 3855 ido
648 3795 680 3871 (
702 3815 830 3855 non
861 3793 1080 3857 aberat
1109 3808 1319 3855 autem
1341 3795 1581 3875 longe)
1624 3792 1646 3851 i
1697 3793 1750 3852 si
1779 3796 2051 3863 Romani

171 3880 329 3933 81151111
368 3895 435 3937 ca
485 3898 556 3937 ra
593 3875 1032 3959 deportabant.
1097 3876 1185 3938 ita
1223 3876 1452 3948 fiebat,
1512 3888 1583 3935 ut
1623 3894 1658 3933 a
1708 3873 1862 3936 htim
1896 3877 2053 3941 ess'et

170 3963 344 4034 magna
383 3977 598 4020 rerum
649 3957 1138 4020 necell'ariarum
1181 3958 1390 4042 copia.
1450 3958 1634 4047 ‘Hoc
1674 3957 1744 4017 in
1786 3954 1942 4023 statu
1969 3956 2048 4018 ad

217 4097 466 4175 Capul.
501 4100 753 4163 moder.
788 4106 986 4182 Εοιος.
1003 4107 1045 4162 1.
1067 4109 1154 4168 23.
1190 4106 1394 4178 roub-
