2717 4659
558 140 636 206 62
696 116 1256 204 FREiNSHEMII
1302 138 2131 210 SUPPLEMENTORUM
2162 95 2311 202 121⁸.
2332 142 2444 202 m.

220 348 286 403 U.
304 366 357 401 c.
374 349 501 417 473.
559 348 767 407 sidens
803 352 1047 419 inopem
1086 358 1145 406 te
1181 367 1311 405 esse
1346 348 1629 408 crederes
1651 386 1668 418 ,
1718 352 1785 405 in
1821 349 2085 407 Italiam
2121 346 2480 422 trajecisses
2501 350 2537 408 ΖΡ

210 535 237 556 0

549 418 684 476 ‘Sed
730 419 1059 492 pulchram
1111 416 1502 490 facultatem
1555 418 1863 484 beneficia
1907 417 2266 476 hominibus
2307 477 2310 486 Ἰ,
2329 415 2547 475 dandi

560 496 843 560 praestat
879 488 1241 561 opulentia.-
1295 505 1412 560 ego
1446 507 1557 562 per
1588 488 1863 561 inopiam
1898 487 2220 545 subvenire
2252 506 2401 562 queo
2426 504 2552 542 ne«

564 557 743 612 mini.
808 559 936 613 Hoc
974 576 1110 612 vero
1147 575 1271 610 non
1304 559 1516 630 magis
1551 576 1648 613 me
1686 557 1901 628 angit,
1954 567 2143 630 quam
2178 554 2343 629 quod
2378 554 2550 611 aliis

565 644 802 700 quoque
836 626 1020 682 rebus
1055 644 1176 680 non
1209 642 1401 694 supra
1437 624 1692 681 modum
1742 624 2084 682 instructus
2129 644 2303 681 sum.-
2362 621 2548 699 qnod

240 687 472 738 vaftatt'
487 698 535 736 θ’
564 713 756 770 neque
791 695 1122 749 scientiam
1156 691 1640 765 praecellentem
1676 689 1833 751 mihi
1866 696 2071 765 Deus,
2141 712 2335 780 neque
2372 694 2550 748 vati·

223 757 416 805 amicis
461 767 534 805 e!-
564 760 821 832 cinandi
871 771 1071 818 artem
1120 761 1347 816 tribuit

1576 764 1589 779 0

1796 761 2058 818 rodesse'
2093 761 2450 837 indigentib
2463 775 2548 817 us

1521 783 1586 818 u*
1635 783 1706 819 us

210 838 540 898 '⁰²’2p¹³”P<Y
563 850 836 905 possem,
873 830 1233 906 neque·alia
1264 773 1852 899 iticl'emqplrmul'la.
1904 833 2135 888 Eorum
2170 851 2331 898 vero,
2365 847 2546 901 quae

249 893 504 964 ΡΜᾹΝΗ
566 907 634 960 in
668 920 765 958 me
801 908 982 967 sunt,
1035 900 1091 954 si
1141 907 1203 953 et
1244 899 1502 962 civitati
1547 908 1610 955 et
1646 901 1866 957 amicis
1902 903 2147 974 copiam
2172 901 2389 974 facia,
2443 906 2546 967 et,

217 979 334 1033 pote
333 963 404 1027 st.

249 1841 543 1896 Fabricius

222 1914 404 1981 potuit
458 1911 541 1964 di·

152 2017 163 2022 «
225 1995 437 2046 lescen,
451 1980 544 2035 sod

227 2051 423 2106 notul-to

254 2388 543 2442 Fabricius

570 968 731 1027 unde
766 971 1135 1046 que‘mquam
1155 965 1380 1039 juvare
1406 967 1540 1026 ullo
1564 973 1750 1043 pacto
1778 986 2024 1041 possum
2045 1007 2064 1038 ,
2102 967 2171 1024 id
2205 981 2546 1027 commune

567 1038 855 1097 omnibus
902 1053 1030 1092 esse
1074 1038 1319 1108 patior3
1376 1034 1492 1091 hoc
1528 1057 1765 1112 quoque
1801 1038 2061 1094 crimine
2095 1037 2395 1094 hactenus
2429 1049 2548 1091 me

567 1127 789 1165 uacare
840 1117 1014 1176 posse
1067 1106 1385 1160 existimo.
1467 1108 1679 1180 Neque
1737 1125 1875 1161 vero
1924 1107 2041 1162 tibi
2092 1105 2340 1180 quidem
2373 1103 2548 1160 haec

563 1194 759 1253 parva
797 1182 911 1230 aut
945 1171 1447 1246 contemptibilia
1485 1176 1702 1230 vocare
1739 1175 1923 1241 licet,
1986 1177 2093 1249 qui
2138 1194 2291 1249 prae
2345 1181 2406 1230 te
2428 1171 2546 1245 se·

566 1257 707 1313 ras‘,
744 1243 866 1301 illa
904 1240 1104 1298 videri
1138 1243 1448 1312 maxima,
1487 1242 1763 1321 adeoque
1793 1245 2040 1318 ingenti
2061 1244 2366 1319 pecuniae
2399 1253 2545 1297 mai

566 1313 647 1388 do
684 1331 884 1372 emere
916 1319 1183 1386 paratus
1220 1328 1305 1366 es.
1342 1378 1350 1385 θ
2445 1317 2452 1328 ‘

671 1461 877 1517 xxlv.
920 1459 1102 1536 Quod
1128 1462 1187 1518 si
1211 1479 1354 1519 vero
1375 1460 1461 1519 ad
1484 1461 1906 1521 sublevandas
1925 1464 2325 1521 necessitates
2347 1461 2547 1535 egenss

565 1532 729 1587 tium
766 1533 1012 1586 omnino
1034 1530 1394 1602 facultates
1430 1551 1702 1608 magnae
1738 1531 2052 1608 optandae
2083 1541 2304 1601 essent,
2341 1538 2550 1604 atque·

563 1597 680 1656 hoc
716 1600 964 1656 nomine
998 1602 1411 1671 pecuniarum
1444 1604 1748 1675 possessio
1781 1610 2029 1676 partem
2068 1602 2349 1675 aliquam
2370 1597 2544 1671 feli?

565 1670 784 1726 citatis
804 1665 1094 1738 faceret,
1145 1669 1242 1723 uti
1276 1669 1447 1727 vobis
1481 1669 1733 1741 quidem
1766 1670 2024 1745 regibus
2060 1669 2339 1737 videtum·
2377 1676 2539 1724 utra

565 1735 728 1794 mihi
777 1740 879 1794 via
911 1733 1343 1808 parandarum
1382 1758 1566 1810 opum
1602 1747 1740 1796 erat
1774 1739 2035 1807 melior,
2087 1746 2158 1794 ut
2192 1745 2327 1808 ate
2362 1754 2543 1792 nunc

569 1807 914 1879 acciperem
966 1823 1107 1860 cum
1175 1802 1517 1875 dedecore,
1586 1827 1668 1862 an
1714 1827 1853 1864 vero
1907 1816 1978 1864 ut
2017 1807 2178 1863 'olim
2211 1823 2540 1880 pararem,

608 1895 757 1931 uum
792 1892 1031 1948 possem
1065 1870 1521 1932 honestissimis
1554 1876 1952 1934 rationibus?
2006 1878 2169 1931 Nam
2204 1873 2361 1946 mibi
2376 1891 2542 1929 sane

612 1941 917 2001 itescendi
976 1944 1477 2015 opportunitates
1537 1944 1904 2017 praeclaras
1970 1943 2327 2016 respublica
2377 1942 2541 1997 bene

564 2015 749 2089 gest’a
784 2010 1114 2080 praebuit,
1165 2029 1354 2084 quum
1405 2011 1574 2070 alias
1611 2013 1842 2083 saepe,
1893 2020 2024 2080 tum
2074 2032 2213 2068 vero
2250 2011 2540 2070 maxime

567 2089 715 2138 ante
756 2080 871 2137 hoc
917 2079 1443 2153 quadriennium,
1496 2080 1778 2155 quando,
1826 2085 1892 2138 in
1927 2082 2277 2147 Samnite5‚
2326 2081 2564 2135 Luca-2

564 2168 675 2207 nos
696 2186 714 2218 ,
764 2148 1169 2222 Bruttiosque
1205 2148 1422 2205 consul
1458 2147 1598 2206 c'um
1634 2152 1919 2207 exercitu
1952 2152 2178 2206 missus
2199 2184 2216 2215 ,
2271 2147 2539 2222 amplis·

562 2222 759 2277 simas
793 2218 1081 2290 regiones
1113 2216 2027 2293 populabunduspercucurri]
2074 2216 2330 2293 proeliis
2365 2214 2538 2271 mul—

564 2289 651 2344 tis
685 2287 880 2341 victor
916 2281 1097 2339 urbes
1134 2285 1466 2356 opulentas
1501 2288 1561 2343 ui
1594 2289 1729 2355 cepi
1763 2286 2090 2361 dir-nique.-
2135 2284 2296 2341 unde
2335 2282 2538 2340 dona·

565 2357 649 2413 tis
683 2353 957 2428 largiter
989 2352 1338 2422 militibus,
1376 2353 1745 2430 redditoque
1779 2358 2078 2431 privatiS,
2128 2353 2291 2430 quocl
2318 2353 2535 2418 νείρω-

204 2458 422 2510 ί6060.
456 2469 539 2510 m-
566 2423 772 2480 blicae
822 2423 889 2477 in
939 2439 1087 2478 usus
1132 2422 1289 2480 belli
1319 2429 1608 2478 mutuum
1648 2422 1989 2494 dederant,
2047 2444 2145 2480 res
2180 2431 2388 2488 tamen
2425 2440 2538 2477 su-

225 2528 372 2607 lenta
384 2527 441 2579 in
451 2541 540 2608 qe-
563 2512 601 2560 p

223 2612 289 2648 ra
297 2611 442 2647 rrum
459 2612 540 2648 tn·

223 2663 376 2716 tulit.

606 2498 834 2548 eresset
866 2490 1472 2566 quadringentorum
1507 2492 1926 2562 talentorum,
1994 2512 2154 2565 quae
2187 2495 2253 2549 in
2290 2492 2537 2547 aerari·

565 2580 673 2617 um
723 2559 1047 2628 publicum
1098 2558 1314 2617 intuli.
1387 2562 1728 2635 Postquam
1775 2564 1980 2636 igitur
2001 2561 2215 2636 justas
2250 2568 2310 2617 et
2345 2557 2535 2615 deco-

563 2647 784 2694 rasex
818 2628 1137 2685 manubiis
1170 2647 1348 2705 opeS,
1407 2647 1567 2704 quae
1603 2632 1668 2686 in
1704 2639 1995 2698 promptu
2032 2637 2247 2700 erant,
2314 2633 2531 2700 asper-2

561 2705 754 2753 natus
786 2716 926 2753 sum
946 2734 963 2765 ‚
1000 2705 1099 2765 e't,
1135 2697 1425 2772 exemplo
1478 2698 1709 2755 Valerii
1740 2698 2116 2757 Publicolae
2149 2696 2534 2754 multorum-

604 2783 683 2821 ue
717 2764 1031 2835 aliorum,
1098 2768 1206 2840 qui
1250 2787 1380 2823 rem
1425 2767 1782 2823 Romanam
1814 2766 1978 2824 hunc
2013 2769 2080 2824 in
2111 2774 2347 2824 statum
2381 2777 2532 2833 prod

562 2784 916 2903 gitti-erunt,
962 2834 1242 2910 gloriam
1276 2837 1560 2909 pecuniis
1594 2839 1923 2904 anteposui
1933 2857 1956 2908 ,⁰
2011 2857 2172 2894 nunc
2217 2854 2255 2890 a
2292 2842 2351 2889 te
2385 2853 2531 2889 mud

560 2922 714 2961 nera
749 2905 1038 2972 capiam,
1098 2911 1460 2976 contempta
1502 2903 1928 2978 pulcherrima
1964 2902 2312 2970 ditescendi
2346 2921 2530 2958 occa-

560 2974 774 3042 sione,
808 2970 1069 3041 pudoris
1105 2979 1292 3048 atque
1327 2974 1600 3039 periculi
1631 2973 1882 3041 plenam
1919 2974 2293 3049 amplexus?
2330 2973 2411 3027 Et
2445 2971 2532 3027 il-·

558 3040 695 3097 lam
729 3039 979 3116 quidem
1016 3040 1406 3108 opulentiam
1438 3041 1728 3100 honestos
1753 3042 2077 3118 justosque
2113 3041 2196 3108 ad
2232 3058 2379 3095 usus
2416 3051 2530 3095 exi

201 3077 531 3149 quanam*
556 3108 824 3188 pendere
857 3108 1177 3166 liberrime
1213 3117 1276 3165 et
1308 3130 1450 3165 cum
1487 3112 1625 3168 volu
1676 3119 1805 3168 tate
1840 3112 2113 3238 quadam
2142 3110 2526 3185 potuissem.-

1823 3203 1842 3236 l

198 3149 352 3214 rius,
367 3165 532 3217 quant

229 3215 460 3300 donatae
476 3250 497 3285 ‚

227 3302 481 3357 pecuniae

195 3364 367 3475 „53:52
385 3370 530 3476 ὅτε

556 3197 721 3234 nunc
773 3197 912 3233 vero
960 3196 1036 3233 ne
1079 3176 1271 3252 hujus
1319 3178 1571 3253 quidem
1603 3223 1616 3246 s
1665 3183 1769 3237 oni
1803 3202 1820 3235 ι
1876 3182 1942 3238 la
1963 3181 2197 3254 futura
2233 3184 2393 3234 esset
2424 3196 2527 3232 co·

552 3249 686 3326 pia.
726 3244 1018 3302 Creditae
1051 3249 1214 3304 enim
1245 3250 1473 3317 uerius,
1509 3267 1696 3321 quam
1725 3248 2019 3320 donatae,
2052 3248 2355 3315 pecuniae
2384 3265 2530 3300 cen-

551 3311 785 3373 sendae
818 3322 1002 3382 sunt,
1039 3334 1200 3389 quae
1237 3317 1786 3384 alieno‘beneficio
1823 3319 2226 3384 obvenerunt,
2280 3316 2528 3370 animo-3

555 3402 670 3458 que
703 3385 989 3462 ingenua
1016 3392 1080 3439 et
1112 3394 1316 3442 erecto
1349 3403 1575 3459 graves
1608 3387 2006 3457 incumbunt,
2046 3386 2238 3443 donec
2263 3382 2529 3440 restitui

596 3461 825 3523 ueant,·
860 3460 932 3508 ut
947 3469 1094 3523 Jam
1130 3471 1241 3520 per
1272 3451 1564 3522 hospitii,
1603 3453 1697 3510 vel
1732 3457 2097 3524 amicitiae,
2134 3452 2229 3509 vel
2264 3452 2527 3508 benevo4

198 3491 328 3557 ῥεῖ’
347 3491 497 3544 ⁰⁶⁰*
550 3471 791 3580 lentiae
822 3522 1092 3596 speciem
1128 3520 1323 3578 datae
1358 3531 1770 3602 acceptaeque
1788 3523 2061 3596 fuerint·

208 3572 422 3626 munt.

245 3649 527 3737 Cfflsvfffftm
652 3661 833 3715 XXV.
872 3658 1209 3726 Iam-vero,
1261 3658 1415 3734 quid
1434 3659 1736 3732 futurum
1768 3680 2007 3730 censes,
2044 3661 2102 3715 si
2126 3658 2391 3728 vulgata
2404 3656 2521 3728 fa·

197 3734 523 3776 'mumm-
550 3726 656 3783 ma
687 3728 921 3799 (neque
946 3729 1112 3782 enim
1147 3725 1347 3783 celari
1375 3730 1641 3802 poterit)
1673 3734 2112 3804 magistratus,
2150 3728 2258 3802 qui
2268 3746 2519 3783 morum

551 3794 725 3868 apud
755 3814 868 3851 nos
898 3795 1371 3869 praefecturam
1409 3797 1802 3865 amplissima
1839 3820 1977 3856 cum
2006 3806 2313 3866 potestate
2342 3814 2524 3851 exer-

502 3875 507 3881 '
548 3872 723 3933 cent,
760 3881 912 3947 quos
943 3882 1224 3947 censores
1255 3864 1676 3938 appellamus,
1706 3885 1818 3939 pro
1837 3866 1987 3942 jure
2019 3885 2155 3933 suo,
2194 3866 2402 3939 quoin
2435 3865 2524 3918 ci·

550 3933 719 3988 vium
754 3940 918 3989 vitas
951 3934 1305 4003 inquirere,
1344 3940 1409 3989 et
1444 3952 1483 3989 a
1516 3938 1745 4008 patriis
1778 3937 2091 3993 institutis
2124 3932 2519 3991 discedentes

619 4067 766 4141 Cap.
787 4065 997 4145 xxm.
1033 4066 1278 4141 Dionys.
1316 4117 1320 4126 .
1353 4067 1501 4142 Gap.
1540 4069 1747 4128 XXIV.
1785 4069 2058 4143 supi-ast.
2084 4072 2234 4157 ¹3²⁶·
2272 4069 2522 4143 Dionys.
