2717 4659
547 261 627 311 22
688 244 1249 349 FREthnEml
1282 239 2107 308 SUPPLEMENTORUM
2141 243 2290 304 Lm.
2317 244 2368 305 1.

198 453 268 508 U.
290 470 342 508 e.
361 453 486 525 464.
549 450 722 514 enim
760 450 843 512 iis
882 452 1291 539 temporibus
1334 453 1559 516 vocari
1592 454 1861 527 solebat,
1908 452 2084 537 quod
2112 472 2362 537 poenae
2399 471 2536 518 no·.

547 534 724 594 mine
764 532 1172 617 pendebatur
1199 555 1346 606 aes,
1394 536 1696 620 quoniam
1731 536 1892 597 illud
1926 534 2011 596 ob
2038 555 2368 597 sacrorum
2400 555 2530 616 pu·-

547 614 873 676 blicorum
907 615 1385 678 multitudinem
1409 659 1426 690 ,
1488 630 1554 679 et
1587 639 1663 679 an
1713 615 1899 681 ussias
1928 617 2199 689 aerarii,
2273 612 2531 679 sacrifi-

551 696 805 760 ciorum
843 697 1156 781 impensis
1197 695 1499 762 destinari
1544 637 1987 762 confueverat.
2076 698 2318 760 Census
2360 717 2533 784 quo-

248 817 277 834 ..
554 798 681 866 que
723 798 803 839 eo
842 798 1007 840 anno
1056 781 1186 843 acti
1233 778 1546 856 memoria
1592 801 1725 843 non
1775 781 1898 843 alia
1951 777 2240 865 superest
2270 823 2285 853 ,
2334 799 2535 864 quam

308 942 323 950 ·
556 859 733 947 quod
787 859 1026 922 civium
1080 864 1285 946 capita
1330 861 1606 924 ducenta
1666 863 2074 948 septuaginta
2127 862 2252 924 tria
2318 861 2535 922 millia

235 954 298 1019 Q.
326 951 533 1010 Fabius
558 962 753 1005 censa
776 940 1101 1005 dicuntur.
1147 941 1372 1006 Princi
1422 963 1525 1005 em
1556 940 1926 1009 senatus'ab
1957 944 2060 1006 his
2085 963 2345 1029 quoque
2370 962 2534 1004 cen-

216 1017 532 1094 Mastms,
560 1024 821 1087 soribus
865 1024 1105 1086 lectum
1132 1025 1321 1089 suiss'e
1425 1070 1442 1087 .
1472 1026 1746 1088 Fabium
1770 1027 2117 1089 Maximum
2149 1039 2329 1087 certa
2370 1035 2536 1086 con-

287 1093 500 1213 '‘2⁸⁶4'‘
556 1104 806 1189 J'ectura
843 1104 967 1178 est,
1017 1106 1190 1192 quod
1225 1107 1490 1169 aliunde
1523 1107 1799 1182 scimus,
1853 1130 1933 1170 ex-
1965 1129 2037 1170 ea
2082 1121 2277 1191 gente
2319 1105 2537 1169 conti-

241 1176 341 1215 Μ
368 1178 461 1217 '¹⁸’
558 1209 759 1249 nuum
794 1207 940 1249 eum
983 1188 1302 1252 honorem
1334 1188 1547 1250 tribus
1582 1191 1879 1254 mansiffe
1904 1233 1922 1263 ,
1965 1206 2036 1252 ut
2067 1189 2383 1251 Maximus
2423 1207 2539 1249 ac-

184 1257 207 1286 ‘
559 1283 819 1353 ceptum
861 1269 941 1331 ab
982 1269 1286 1334 Ambusto
1337 1284 1525 1360 patre
1549 1315 1569 1349 ,
1636 1293 1788 1338 mox
1836 1271 2288 1357 ad‘Gurgitem
2320 1268 2539 1332 filium

554 1350 1008 1432 transmiserit.

690 1500 924 1572 XXIV.
969 1504 1260 1580 Interea,
1303 1525 1499 1588 quum
1524 1503 1693 1568 foris
1724 1525 1834 1567 res
1872 1503 2025 1566 satis
2061 1503 2268 1565 laetae
2301 1501 2532 1575 estem,

223 1551 504 1684 „ef'ssaz'
537 1584 873 1668 „gravibus
927 1583 1101 1646 domi
1155 1585 1507 1648 discordiis
1570 1586 2129 1669 seditionibusque
2170 1585 2534 1645 laboratum

219 1648 542 1754 „neum”
567 1663 677 1727 est.
734 1666 974 1740 Plebs,
1028 1687 1180 1729 aere
1212 1668 1428 1752 alieno
1457 1689 1496 1730 o
1545 1670 1784 1753 press'a,
1830 1689 2029 1731 novas
2071 1667 2316 1728 tabulas
2347 1663 2537 1747 flagi..

564 1749 735 1810 tabat
756 1791 773 1819 9
815 1769 956 1810 rem
976 1762 1267 1812 veterem
1293 1794 1310 1824 ,
1356 1763 1423 1812 et
1460 1692 1540 1812 ab
1578 1750 1876 1812 ducentis
1909 1747 2181 1834 amplius
2213 1748 2395 1808 annis
2421 1767 2535 1806 va-

564 1829 667 1890 rie
685 1829 1011 1909 jactatam,
1053 1845 1125 1893 ut
1165 1832 1578 1895 turbulentus
1621 1833 1856 1918 aliquis
1891 1832 2190 1895 tribunus
2234 1831 2312 1890 ad
2351 1847 2536 1889 com-

564 1911 926 1975 movendos
974 1913 1406 1976 multitudinis
1466 1916 1715 1977 animos
1758 1914 2071 1976 stimulum
2125 1933 2270 1973 eum
2311 1905 2535 1972 admo-

565 2007 785 2068 verat,
838 2007 958 2074 aut,
990 1995 1409 2081 improbitate
1443 1997 1930 2060 foeneratorum
1964 1995 2192 2081 populi
2234 1993 2370 2054 indi
2418 2012 2536 2052 na-

225 2090 503 2159 n,0,465‚
565 2075 661 2137 tio
699 2077 1042 2138 exarserat.
1131 2077 1261 2139 Sed
1298 2078 1432 2144 ,sub
1480 2079 1814 2162 prioribus
1857 2078 2104 2161 aliquot
2134 2074 2380 2137 consuli
2430 2095 2534 2150 us,

284 2200 297 2214 .
315 2163 539 2219 Marcio
567 2157 945 2218 morborum
978 2171 1085 2218 aut
1112 2157 1386 2219 hostium
1414 2173 1623 2221 metus
1648 2160 2043 2221 remiss'iores
2073 2158 2150 2220 in.
2179 2157 2343 2218 urbe
2376 2176 2540 2217 con-

271 2235 539 2318 5corne·
565 2241 893 2301 tentiones
923 2240 1190 2312 fecerat.
1276 2239 1359 2337 Q.
1401 2242 1649 2303 Marcio
1698 2241 2050 2314 OE'remulo,
2101 2243 2175 2300 P.
2224 2237 2541 2300 Cornelio

244 2305 326 2360 ¹¹⁰
353 2319 504 2357 ⁰⁰⁸⁵·
571 2321 815 2382 Arvina
845 2319 1256 2397 consulibus,
1326 2322 1564 2385 deinde
1601 2322 1899 2409 proximo
1946 2342 2146 2395 anno,
2210 2339 2403 2405 quum
2442 2323 2539 2380 M.

229 2393 506 2461 [Le-4⁶⁶·
569 2403 876 2464 Claudius
932 2404 1317 2474 Marcellus,
1397 2407 1467 2467 C.
1505 2405 1772 2468 Nautius
1815 2405 2073 2465 Rutilus
2108 2399 2541 2485 magistratum

194 2491 209 2500 ‘
248 2462 523 2588 {1:012}-
569 2499 901 2566 gererent,
939 2484 1216 2564 majores
1238 2485 1565 2571 aliquanto
1585 2502 1797 2549 motus
1830 2488 2201 2548 extiterunt.
2265 2475 2344 2543 ad
2373 2502 2542 2566 quos

260 2550 506 2664 Nss'duo'
569 2566 1131 2651 comprimendos,
1216 2569 1421 2651 magis
1471 2590 1659 2655 quam
1711 2568 1907 2631 ullius
1968 2566 2237 2628 alterius
2281 2564 2541 2647 negotii

297 2687 448 2724 00⁸3,
565 2648 810 2711 bellive
834 2650 1065 2732 canite,
1120 2648 1502 2712 dictatorem
1539 2650 1727 2713 fuiffe
1759 2650 1999 2713 dictum
2029 2646 2378 2710 existimem
2409 2646 2539 2730 Ap.

569 2730 929 2804 Claudium,
1017 2731 1084 2793 ui
1112 2729 1348 2794 deinde
1375 2736 1617 2795 Caecus
1651 2730 1737 2795 est
1766 2731 2296 2816 cognominatus3
2342 2747 2543 2813 quem

568 2810 951 2878 dictatorem
1018 2813 1211 2890 uine,
1255 2815 1325 2876 in
1352 2813 1635 2902 antiquis
1674 2813 2107 2878 monumentis
2135 2811 2426 2896 repet-ie.

470 3031 471 3038 κ
508 3060 522 3074 .
686 2989 892 3054 XXV.
954 2989 1122 3052 Sane
1151 3003 1416 3085 praeter
1452 2985 1871 3049 acerbitatem
1903 2985 2282 3070 iniquiss'imi
2304 2983 2545 3047 foeno..

262 3062 336 3145 ,σε
376 3058 545 3116 Ριθω
568 3069 698 3144 rie,
745 3072 939 3133 etiam
979 3073 1228 3134 nefaria
1266 3073 1337 3135 C.
1372 3067 1575 3131 Plotii
1614 3067 1858 3141 libide,
1899 3069 2122 3151 aegris
2165 3068 2288 3148 jam
2326 3065 2545 3128 homi-

227 3130 422 3186 m’ffl'·
567 3173 721 3214 num
758 3152 1029 3227 animis,
1081 3168 1150 3215 ut
1191 3154 1385 3216 citius
1428 3163 1620 3233 atque
1662 3149 2112 3213 vehementius
2155 3146 2547 3211 exardesce-

568 3247 758 3307 rent,
828 3234 1106 3316 subjecit
1146 3234 1347 3298 faces.
1444 3232 1617 3294 Huic
1671 3234 1748 3291 Τ.
1792 3233 2147 3303 Veturius,
2195 3229 2369 3290 filius
2399 3230 2545 3312 ejus

565 3300 875 3387 veturii,
933 3317 1044 3401 qui
1093 3318 1318 3379 consul
1357 3318 1442 3379 ob
1485 3327 1594 3374 tur
1642 3329 1678 3374 e
1724 3312 1958 3378 foedus
2001 3311 2379 3376 Samnitium
2421 3333 2548 3396 po-

569 3398 727 3485 pulo
760 3398 1019 3461 deditus
1057 3399 1291 3472 suerat,
1335 3417 1530 3483 quum
1565 3418 1603 3458 o
1677 3396 2095 3458 calamitatem
2137 3392 2553 3458 domesticam

573 3478 655 3544 ad
681 3500 791 3544 aes
821 3480 1100 3544 alienum
1140 3480 1506 3566 compulsus
1545 3477 1858 3540 solvendo
1897 3499 2028 3539 non
2068 3481 2263 3550 effet,
2331 3475 2399 3536 in
2426 3497 2550 3538 ne-

570 3584 722 3628 xum
770 3586 840 3626 se
892 3562 1146 3626 dedidit
1187 3564 1453 3635 lubens,
1519 3562 1859 3648 omniaque
1897 3562 2156 3624 servilia
2195 3557 2555 3635 ministeria

456 3703 460 3708 ,
569 3647 898 3731 patienter
931 3646 1318 3734 exsequutus
1353 3642 1462 3708 est.
1541 3643 1798 3706 Plotius
1825 3643 2377 3710 adolescentulum
2402 3640 2549 3703 sor-

570 3749 674 3791 ma
705 3728 1002 3804 liberali,
1058 3750 1138 3793 ex
1169 3752 1391 3815 magna
1427 3750 1541 3814 spe
1572 3726 1926 3788 consularis
1963 3723 2244 3790 familiae
2284 3724 2363 3787 ad
2397 3724 2552 3802 infl-

570 3831 713 3875 mae
749 3812 1050 3878 fortunae
1087 3812 1319 3876 sordes
1354 3810 1747 3900 depressiffe
1785 3831 1917 3872 non
1953 3824 2319 3884 contentus,
2350 3809 2554 3872 etiam

608 3966 759 4042 cap.
777 3945 984 4025 xx1'11.
1023 3967 1149 4023 Liv.
1169 3963 1328 4040 Epic.
1350 3982 1436 4019 u.
1473 3963 1627 4019 Ptin.
1646 3967 1724 4019 n.
1741 3964 1814 4017 N.
1832 3980 1886 4030 7,
1901 3962 1992 4027 4¹.
2036 3959 2550 4030 eap.xx1v.1.iv.

571 4038 730 4112 Epit.
752 4057 772 4091 ι
787 4058 805 4091 ι
821 4078 838 4094 .
878 4042 1093 4098 Zonar.
1129 4035 1292 4110 Flor.
1319 4051 1370 4098 ι,
1389 4033 1476 4089 23.
1517 4035 1741 4090 Tabula
1756 4048 2082 4086 marmorea
2100 4032 2256 4102 apud
2269 4032 2548 4106 Onuphr.

572 4106 636 4163 in
653 4109 866 4175 Pastas,
880 4111 889 4117 ‘
901 4122 959 4166 et
972 4107 1129 4183 apud
1142 4104 1310 4176 Pigh.
1329 4121 1428 4162 an.
1444 4105 1570 4176 461.
1643 4108 1791 4179 Cap.
1808 4103 1989 4158 XXV.
2031 4103 2166 4159 Val.
2183 4105 2340 4162 Max.
2358 4107 2415 4174 ὁ,
2434 4123 2548 4179 1,9.

574 4187 635 4233 et
647 4179 889 4252 Dionys.
911 4180 1069 4257 apud
1085 4175 1285 4238 Vales.
1783 4219 1790 4224 .
2485 4185 2503 4230 “.
