2717 4659
731 190 837 268 ‘m
876 201 1174 269 Loctm
1211 203 1375 265 Lm.
1408 203 1607 269 xvu.
1651 200 1872 268 mvn.
2178 199 2295 265 165
2374 260 2417 289 „

340 432 467 497 que
511 411 727 497 gravis
777 409 1152 472 incumbens
1175 450 1194 482 ,
1257 409 1340 475 ad
1369 411 1511 473 loca
1546 421 1687 469 tran
1780 407 1994 471 illiora
2028 409 2284 475 submo·
2344 407 2621 479 (λιφε.

333 495 431 557 vit
447 494 713 557 invitos.
760 491 1096 567 Sardiniae
1122 505 1337 555 tamen
1368 503 1597 576 portus
1623 512 1656 550 a
1769 510 1809 551 o
1832 489 2028 554 duces
2057 505 2281 555 tenue-

333 590 505 638 runt·
588 596 599 614 ¹

454 683 713 749 XXVII.
758 683 856 745 lb'i
890 694 1084 768 quum
1109 684 1180 746 in
1207 679 1510 745 anchoris
1542 678 1856 744 haberent
1874 701 2093 755 naves,
2141 682 2284 744 Sul-

380 762 569 836 icius,
614 785 743 849 quo
772 767 1062 828 Poenum
1092 767 1165 828 in
1184 776 1478 849 apertum
1494 783 1668 825 mare
1689 765 2066 847 perliceret,
2088 783 2284 848 quos·

332 785 475 904 gam
511 845 856 921 subornat,
900 849 1011 932 qui
1053 847 1529 929 transfugarum
1566 846 1788 928 specie
1824 845 2285 930 persuaderent
2339 850 2620 908 Hanniba-

329 925 702 1000 Hannibali,
720 930 1054 1003 Romanos„
1076 931 1314 992 iterum
1346 925 1419 987 in
1443 924 1727 987 Africam
1765 928 2090 1011 navigare.
2149 927 2282 988 De·
2307 921 2611 977 10801‘22‘1‘8·

330 1022 562 1092 ceptus
596 1009 708 1071 ille
741 1008 867 1072 hoc
910 1012 1308 1074 vaframento
1330 1051 1347 1082 ,
1388 1005 1695 1070 celeriter
1728 1008 1956 1072 educta
1976 1008 2184 1078 class'e‚
2215 1009 2303 1070 in·

319 1089 682 1163 consulem,
729 1090 968 1153 idoneo
996 1093 1143 1154 loco
1173 1088 1694 1176 praestolantem,
1741 1091 2086 1174 imparatus
2120 1090 2283 1152 inci-

328 1170 462 1235 dit:
506 1172 873 1255 multaeque
904 1193 1101 1236 naves
1133 1173 1417 1235 Punicae
1456 1169 1789 1253 depreffae
1834 1184 1980 1232 sunt
2004 1213 2020 1244 ,
2065 1171 2282 1255 prius·
2374 1245 2380 1252 Ι

329 1273 519 1336 quam
552 1253 724 1315 scire
790 1255 1028 1328 offent,
1058 1254 1215 1338 quid
1244 1265 1582 1338 ageretur3
1628 1273 1825 1335 quum
1851 1251 2283 1325 infidiasfcon-
2343 1300 2347 1306 .

329 1334 494 1395 sulis
523 1348 652 1396 tem
701 1356 739 1398 e
828 1336 911 1401 tis
940 1335 1127 1415 ¹favor
1156 1350 1223 1399 et
1253 1346 1619 1419 opportune
1655 1347 1797 1395 orta
1838 1335 2048 1418 caligo
2083 1335 2283 1397 texis-

330 1428 455 1476 set.
518 1419 654 1478 'l'an
703 1437 806 1478 em
843 1436 918 1479 re
951 1418 1278 1481 intellecta
1313 1416 1604 1499 reliquae
1643 1417 2094 1499 repetiverunt
2127 1436 2283 1500 por-
2378 1464 2389 1473 .

325 1509 506 1569 tum,
532 1511 641 1561 aut
671 1500 739 1559 in
772 1498 925 1562 litus
960 1520 1033 1561 se
1054 1499 1425 1580 ejecerunt:
1475 1495 1592 1569 ibi,
1626 1497 2152 1581 profugientibus
2176 1518 2284 1559 re-

323 1578 635 1660 migibus,
667 1581 1018 1665 pleraeque
1039 1581 1262 1643 inanes
1282 1591 1504 1664 captae
1524 1591 1691 1640 sunt.
1738 1579 2063 1640 Hannibal
2085 1579 2280 1653 enim,

326 1659 711 1743 desperato,
773 1663 987 1725 teneri
1026 1678 1287 1747 portum
1316 1659 1495 1746 poss'e
1522 1702 1540 1731 ‚
1601 1660 1670 1721 in
1712 1660 2021 1743 oppidum
2051 1661 2282 1723 Sulcos

323 1762 403 1802 se
441 1744 842 1816 contulerat,
911 1743 1062 1816 ubi,
1124 1744 1447 1806 seditione
1482 1755 1658 1814 orta,
1725 1741 2284 1825 comprehensusa

325 1822 972 1920 Carthaginiensibus
996 1868 1013 1898 ‚
1061 1827 1172 1909 qui
1202 1824 1435 1889 eodem
1482 1843 1563 1882 ex
1589 1843 1801 1906 pugna
1831 1824 2279 1906 confugerant,

327 1904 509 1989 quod
539 1928 682 1987 ejus
732 1907 1159 1972 temeritatem
1203 1922 1268 1968 et
1304 1904 1628 1969 stultitiam
1664 1904 1864 1965 cladis
1904 1926 2054 1966 suae
2098 1925 2279 1967 caus·
2337 1898 2620 1982 Hflmfffbffl

329 2008 468 2048 sam
502 1988 693 2050 fuisse
718 1988 1037 2063 dicerent,
1080 1989 1388 2072 crucique
1415 1983 1660 2047 adfixus
1683 1987 1902 2068 periit.
1963 1986 2095 2047 Sed
2120 1987 2281 2048 haec
2345 1968 2619 2038 ἠδ’-ΜΡ

324 2069 611 2131 victoria
660 2070 965 2133 Romanis
1015 2070 1231 2155 paullo
1269 2066 1407 2153 post
1470 2067 1844 2128 detrimenti
1904 2069 2279 2130 nonnullius
2304 2045 2422 2093 η’·

324 2152 533 2213 cauffa
562 2150 707 2213 fuit.
756 2173 951 2236 quum
987 2152 1190 2231 enim,
1238 2150 1487 2214 sublato
1522 2148 1728 2210 claffis
1765 2148 2048 2210 Punicae
2080 2162 2277 2223 metu,

326 2232 398 2293 in
432 2231 779 2307 vastatione
812 2254 1116 2317 agrorum
1162 2230 1596 2314 contemptius
1635 2244 1701 2291 et
1736 2229 2029 2292 securius
2066 2230 2280 2293 versa-

322 2329 596 2390 rentur,
662 2314 1013 2400 improviso
1060 2318 1429 2393 Poenorum
1475 2309 1954 2396 Sardorumque
1988 2311 2277 2385 incursu,

322 2397 651 2460 Hannone
690 2396 966 2481 quodam
994 2397 1195 2471 duce,
1243 2395 1379 2457 fusi
1417 2406 1583 2454 sunt.
1652 2393 1998 2455 censuram
2013 2394 2141 2457 hoc
2166 2415 2279 2457 an·

322 2499 416 2540 no
453 2481 528 2541 C.
562 2479 826 2542 Duilius
861 2479 1047 2561 gessit
1072 2499 1215 2541 cum
1239 2480 1316 2538 L.
1343 2472 1653 2537 Cornelio
1685 2476 1997 2559 Scipione
2019 2520 2037 2550 ‚
2098 2475 2278 2560 prio·

318 2561 424 2622 ris
458 2562 608 2623 anni
646 2560 908 2624 consule
928 2602 945 2630 ,
986 2560 1259 2655 Janique
1290 2556 1600 2640 templum
1636 2557 1807 2639 apud
1836 2557 2052 2620 forum
2084 2558 2278 2619 olito-

322 2642 502 2704 rium
527 2640 769 2706 struxit.
832 2640 1173 2724 Triumphi
1206 2640 1442 2701 dehinc
1479 2637 1607 2698 duo
1648 2640 1952 2721 spectati:
1995 2639 2183 2724 prior
2202 2640 2276 2700 C.
2345 2634 2552 2689 Trimu-
2658 2652 2666 2657 '

322 2725 581 2808 Aquilii
613 2724 798 2786 Flori
827 2722 1211 2806 proconsule
1234 2722 1316 2783 de
1347 2718 1590 2785 Poenis
1615 2733 1759 2782 ante
1795 2722 1964 2783 diem
1984 2730 2278 2809 quartum
2297 2705 2522 2786 1⁰¹¹&ss-
2538 2703 2616 2756 Α·

322 2809 547 2868 Nonas
579 2805 943 2881 Octobres3
987 2805 1150 2865 alter
1184 2806 1255 2867 C.
1294 2800 1572 2885 Sulpicii
1602 2803 1882 2866 consulis
1914 2803 1997 2868 de
2030 2802 2276 2865 Poenis
2301 2772 2609 2896 22⁸'¹¹'‚f¹25

324 2901 398 2949 et
428 2888 649 2951 Sardis
672 2930 689 2962 ,
736 2899 883 2948 ante
909 2884 1084 2948 diem
1109 2886 1373 2951 tertium
1401 2888 1664 2946 Nonas..
2052 2926 2061 2931 -
2240 2958 2244 2965 ἡ
2303 2878 2561 2982 Sulpicii.
2599 2877 2617 2897 ⁶

447 3022 744 3087 xxvln.
791 3016 1005 3099 Quum
1049 3015 1285 3080 deinde
1323 3019 1395 3081 C.
1435 3018 1675 3080 Atilius
1712 3021 1802 3078 Μ.
1832 3018 1907 3079 F.
1931 3020 2020 3078 Μ.
2041 3018 2121 3083 Ν.
2144 3018 2276 3081 Re·
2333 3029 2615 3111 {Li-..4960

325 3104 522 3187 gulus
546 3117 612 3165 et
645 3104 760 3164 Cn.
798 3100 1139 3162 Cornelius
1158 3102 1235 3160 L.
1270 3101 1345 3161 F.
1382 3102 1493 3162 Cn.
1518 3105 1596 3162 N.
1621 3099 1839 3160 Blasio
1858 3099 2095 3195 iterum
2125 3119 2281 3198 con-
2310 3097 2616 3223 cel-Agla,
2666 3160 2667 3175 ,

323 3184 759 3339 affiget
775 3190 1041 3328 ..ῑῖῖῑῖ
1107 3181 1392 3325 ma?
1408 3181 1920 3347 :2352‘22‘3‘3225
1942 3180 2283 3333 .¹:‚¹·x‘1¹t‚{:‚²3
2480 3224 2667 3288 ποατ

326 3362 588 3420 monte,
627 3347 952 3428 *locisque
995 3343 1139 3406 aliis
1183 3345 1479 3428 pluribus
1502 3387 1519 3418 ,
1579 3360 1770 3441 atque
1804 3344 1969 3405 adeo
2007 3346 2073 3405 in
2119 3353 2282 3416 urbe

323 3429 466 3513 ipsa
489 3473 506 3502 ,
573 3429 822 3573 lapides
854 3424 1234 3510 frequentes
1271 3426 1617 3511 grandinis
1652 3424 1840 3487 instar
1883 3425 2281 3499 deciderant.

333 3511 600 3573 Latinas
660 3511 828 3573 erias
862 3504 1229 3578 instaurari,
1290 3509 1620 3591 causs'aque
1654 3528 1870 3569 earum
1902 3507 2281 3577 dictatorem

303 3593 471 3655 -aioi
507 3593 707 3656 visum
738 3589 845 3654 est.
911 3588 993 3673 Q.
1029 3588 1088 3651 ο
1137 3589 1347 3652 ulnius
1383 3594 1458 3651 L.
1492 3593 1567 3652 F.
1601 3592 1679 3653 A.
1712 3595 1787 3652 N.
1830 3590 2054 3684 Gallus
2081 3591 2282 3660 aicta-
2307 3650 2337 3684 a
2338 3562 2622 3694 39225221
2664 3594 2665 3627 ³

303 3689 462 3753 jor,
483 3679 572 3736 Μ.
589 3671 932 3738 Laetorius
954 3676 1040 3736 M.
1127 3717 1145 3734 .
1169 3674 1259 3733 M.
1282 3678 1360 3737 N.
1378 3673 1761 3734 Plancianus
1779 3668 2073 3753 magister
2099 3679 2282 3763 equi.
2308 3700 2516 3754 rma„
2536 3699 2627 3766 s„

328 3769 469 3816 tum
507 3758 788 3820 suerunt.
861 3756 928 3818 C.
955 3754 1191 3833 Atilius
1212 3797 1229 3826 ,
1275 3755 1386 3840 qui
1417 3755 1607 3816 classi
1643 3767 1961 3837 praeerat,
2008 3754 2083 3815 ad
2115 3765 2282 3842 'l‘yn-
2309 3769 2434 3822 re'as
2462 3766 2624 3821 Lati·
2664 3780 2665 3791 ¹

335 3836 628 3901 daridem
652 3837 913 3902 Siciliae
949 3856 1142 3920 quum
1164 3837 1522 3921 appuliss'et,
1568 3836 1819 3898 claffem
1845 3838 2154 3903 Punicam
2178 3862 2282 3903 or·
2308 3852 2432 3889 nas.

381 3989 805 4060 scam-XXVII.
839 3986 1139 4071 Limnpit.
1165 4005 1247 4056 ¹7·
1284 3985 1581 4056 Polybius.
1621 3988 1897 4042 Zonaras.
1927 3988 2071 4043 Fasti
2091 3989 2169 4044 Ca
2218 3944 2282 4043 it.

340 4058 482 4113 Tac.
519 4060 670 4116 Ann.
699 4078 749 4125 s,
778 4065 867 4127 49.
923 4057 1068 4114 Fasti
1099 4057 1289 4131 Capit.
1382 4058 1526 4130 Cap.
1558 4056 1817 4111 XXVIII.
1865 4061 2144 4114 Zonaras.
2229 4075 2283 4114 a·
2372 4116 2375 4123 ,

345 4130 408 4184 sti
438 4127 627 4201 Capit.
662 4129 869 4200 Polyb.

557 4388 582 4419 S
