2717 4659
873 12 896 39 O

578 180 670 243 m
709 176 1010 259 Locum
1047 163 1212 241 Lm.
1249 178 1478 243 xvm.
1522 179 1769 242 L1v11.-
1874 212 1909 219 --
2022 178 2133 243 183

171 407 341 449 mero
369 428 390 456 ,
437 406 643 471 quum
673 380 972 449 sustineri
1007 384 1110 448 vis
1138 383 1411 447 hostium
1436 406 1563 449 non
1647 390 1827 460 oss‘et,
1872 386 2004 450 cito
2027 387 2120 451 su·
2190 394 2473 465 (Lemma

171 490 236 552 ga
264 469 443 531 facta
479 464 593 529 est.
676 464 763 527 At
794 485 833 527 e
870 464 1200 549 peditibus
1219 494 1253 538 ,ι
1308 468 1422 551 qui
1467 407 1707 547 sinifiri
1740 468 2126 540 adstiterant,

171 552 295 612 sive
328 548 841 634 elephantorum
872 547 1207 610 occursum
1238 550 1505 611 vitaturi
1525 595 1541 625 ‚
1588 549 1733 613 sive
1763 551 2128 613 faciliorem

173 646 511 715 sperantes
546 630 632 693 de
674 628 1101 693 mercenariis
1135 630 1514 704 victoriam,
1559 630 1792 693 horum
1823 633 1889 694 in
1931 632 2135 693 aciem

175 712 424 775 irruunt
447 755 467 784 ,
534 711 888 794 versosque
928 711 997 772 in
1025 709 1243 796 fugam
1276 711 1357 772 ad
1393 712 1736 775 vallamus
1785 734 1865 775 ue
1904 709 2134 775 castro-

176 814 306 855 rum
325 789 666 857 hostilium
692 791 1186 877 persequuntur.
1229 796 1375 855 Non
1408 812 1614 877 aeque
1641 795 1767 857 faci
1793 816 1831 857 e
1859 795 2136 877 reliquis

181 876 478 938 adversus
518 872 623 936 ele
668 872 897 935 hantos
932 882 1259 936 certamen
1290 873 1453 937 fuit:
1518 896 1794 959 quorum
1825 877 2136 938 intolera-

178 955 284 1019 bili
317 957 503 1018 mole
543 897 1002 1039 diffipabantur
1045 955 1312 1018 ordines
1337 996 1355 1027 ,
1400 957 1902 1041 proterebantur
1931 978 2133 1019 arma.-

175 1039 253 1113 ti,
298 1041 567 1122 agmina
594 1051 727 1100 tota
759 1050 1077 1122 tamquam
1108 1038 1295 1098 ruina
1319 1034 1783 1101 sternebantur.

175 1146 184 1153 ’
290 1142 565 1210 XXVII.
629 1140 987 1206 Sustinebat
1034 1155 1245 1204 tamen
1296 1140 1744 1206 incumbentes
1794 1145 1927 1229 ipsa
1974 1145 2136 1208 aciei

173 1225 486 1303 densitas,
535 1224 811 1307 aliisque
848 1222 956 1286 alii
985 1219 1304 1285 substituti
1346 1225 1656 1287 ordines:
1702 1225 1909 1290 donec
1948 1227 2135 1290 simul

171 1307 334 1370 locis
369 1306 678 1369 omnibus
709 1305 990 1368 laborari
1016 1319 1315 1389 coeptum
1338 1348 1356 1379 ,
1403 1305 1554 1369 dum
1585 1309 1857 1369 extremi
1895 1309 2138 1393 quique

174 1390 249 1452 ab
286 1388 627 1475 equitibus
661 1386 1110 1462 circumventi,
1159 1386 1424 1470 priores
1445 1431 1462 1464 ,
1509 1403 1821 1475 quotquot
1851 1389 1972 1470 jam
2002 1392 2137 1452 ele-

175 1471 564 1556 phantorum
601 1470 806 1532 aciem
832 1489 1033 1555 perru
1084 1482 1300 1542 erant,
1346 1470 1425 1531 ab
1460 1469 1713 1553 integra
1748 1485 1813 1533 et
1840 1470 2137 1534 instructa

176 1552 492 1649 phalange
525 1549 831 1625 hostium,
875 1554 941 1613 et
973 1572 1007 1611 a
1078 1550 1432 1613 ultantibus
1467 1551 1791 1634 utrimque
1833 1553 2138 1616 velitibus

179 1647 457 1718 excepti,
479 1633 710 1718 pass'im
731 1631 1152 1696 trucidantur.
1197 1636 1425 1717 Neque
1445 1634 1655 1694 minus
1682 1632 1900 1695 caedis
1918 1636 1983 1695 in
2006 1635 2139 1717 ipsa

175 1714 322 1798 fuga
359 1714 517 1778 suit.
557 1736 681 1800 per
704 1728 924 1798 aperta
939 1715 1167 1791 localet
1191 1714 1378 1797 plana
1401 1713 1640 1776 effusos
1668 1714 1992 1799 elephanti
2009 1721 2139 1778 Nu·
2178 1712 2187 1725 “

176 1797 523 1882 midaeque
552 1797 807 1881 equites
830 1794 1103 1857 immissi
1134 1792 1511 1858 straverunt.
1569 1801 1656 1858 M.
1676 1798 1966 1892 Regulus
1997 1818 2141 1859 cum
2200 1794 2441 1894 3933!st

178 1878 495 1940 militibus
525 1878 669 1941 fere
685 1877 1057 1963 quingentis
1087 1875 1273 1938 vivus
1304 1877 1373 1937 in
1390 1899 1613 1938 manus
1646 1876 1915 1939 liossiu‘m
1934 1879 2136 1941 venit.
2164 1897 2401 1965 capitur,

177 1980 248 2020 ex
273 1974 422 2023 toto
454 1960 754 2021 exercitu
784 1980 911 2021 non
950 1957 1222 2043 amplius
1259 1957 1388 2021 duo
1416 1958 1615 2019 millia
1649 1959 1999 2033 hominum,
2026 1960 2138 2043 qui

175 2042 624 2111 mercenarios
657 2041 806 2103 loco
842 2038 1262 2126 pepulerant,
1306 2037 1600 2101 festinato
1629 2040 1805 2101 abitu
1835 2040 2140 2125 Clupeam

177 2123 542 2187 incolumes
622 2136 837 2185 raeter
864 2142 1045 2209 spem
1064 2118 1425 2183 evaserunt.
1467 2125 1899 2183 Romanorum
1922 2121 2140 2183 socio-

177 2226 446 2290 rumque
470 2145 678 2267 millia
696 2204 964 2269 circiter
991 2201 1259 2286 triginta
1292 2217 1441 2265 sunt
1464 2202 1826 2267 interfecta.
1889 2204 1991 2265 De
2009 2206 2139 2264 Pu-

174 2286 315 2349 nico
358 2285 664 2349 exercitu
698 2285 1075 2348 cecide-runt
1103 2304 1233 2345 non
1259 2283 1468 2356 multi,
1511 2300 1777 2369 praeter
1802 2285 2141 2369 octingen-

173 2380 267 2430 tos
299 2390 387 2432 ex
403 2368 963 2430 mercenariorum
984 2364 1259 2450 agmine,
1300 2366 1476 2452 quod
1493 2366 1798 2430 adversus
1818 2366 2141 2431 sinistrum

173 2447 365 2513 hostis
397 2469 615 2512 cornu
645 2449 1083 2511 dimicaverat.

286 2533 595 2597 xxvnl.
639 2533 841 2592 Tanta
868 2551 941 2592 re
979 2527 1309 2614 perfecta,
1356 2548 1552 2612 quum
1580 2527 1943 2605 exercitus,
1987 2524 2140 2615 spo‘-

176 2613 278 2675 liis
309 2612 655 2676 caesorum
687 2625 754 2673 et
783 2611 1176 2697 imperatore
1203 2611 1646 2671 Romanorum
1693 2632 1761 2673 ca
1812 2625 1879 2673 to
1911 2632 2139 2695 super-
2199 2641 2428 2699 Carth,

173 2695 289 2757 bus
313 2738 331 2770 ,
380 2694 845 2778 Carthaginem
875 2704 1356 2763 reverteretur,
1422 2686 1681 2753 obviam'
1712 2634 1915 2755 effusa
1947 2692 2138 2755 urba·-
2162 2712 2476 2782 gumfa„

177 2798 408 2839 norum
438 2775 788 2838 multitudo
808 2818 826 2850 ,
872 2775 982 2837 alii
1014 2774 1082 2836 in
1111 2771 1278 2836 vicis
1314 2786 1423 2834 aut
1456 2773 1754 2836 domibus
1786 2770 2137 2838 consisten-
2162 2780 2445 2851 gaudinos.
2542 2798 2559 2819 x

177 2874 294 2930 tes,
318 2856 706 2920 incredibili
719 2861 873 2931 ‘cum
891 2856 1241 2940 voluptate,
1289 2857 1680 2938 spectaculo,
1706 2857 1892 2953 quale
1921 2857 2137 2940 paullo

177 2956 315 3003 ante
347 2941 463 3003 vix
501 2961 544 3001 o
592 2953 730 3001 tare
762 2938 903 3002 ausi
935 2938 1171 3010 effent,
1219 2934 1635 2999 fruebantur:
1677 2959 1786 2999 vix
1809 2951 2019 3000 tantae
2041 2937 2140 2998 fe-

176 3021 441 3085 licitatis
470 3042 554 3086 ve
615 3021 939 3104 gaudium,
982 3019 1090 3083 vel
1116 3017 1309 3080 etiam
1350 3017 1546 3079 fidem
1576 3018 1979 3115 capientibus
2002 3017 2142 3079 anii-

176 3107 313 3170 mis.
393 3100 531 3182 Qui
566 3103 740 3183 enim
783 3100 978 3165 modo
1002 3099 1297 3186 proxime
1335 3099 1854 3184 desperationem
1882 3099 2141 3162 adducti
2214 3140 2219 3145 -

177 3207 300 3249 non
339 3186 691 3269 regionem
730 3197 972 3248 tantum
1014 3200 1231 3253 suam,
1286 3181 1400 3242 sed
1440 3181 1669 3247 urbem
1705 3181 1935 3267 ipsam,
1974 3202 2140 3255 aras,
2196 3166 2208 3200 ‘

176 3267 363 3330 focos
401 3265 702 3330 amittere
732 3264 1113 3337 timuerant,
1169 3263 1221 3325 ii
1268 3274 1506 3324 tantam
1541 3283 1761 3324 rerum
1793 3277 2142 3326 commuta-

179 3349 425 3412 tionem
462 3348 679 3410 subito
714 3348 948 3411 factam
989 3347 1115 3408 ess'e
1138 3386 1156 3420 ‚
1218 3365 1593 3429 quamquam
1630 3340 1967 3420 viderent,
2038 3345 2146 3407 vix

181 3432 504 3495 audebant
537 3429 834 3492 credere.
894 3426 1027 3492 Sed
1069 3426 1338 3489 maxime
1372 3426 1439 3486 in
1469 3425 1643 3510 ipsos
1677 3427 1877 3488 duces
1908 3426 2143 3489 intenti

177 3514 468 3575 omnium
502 3511 676 3573 oculi
712 3500 1036 3595 animique
1061 3522 1277 3571 erantz
1337 3529 1565 3591 quum,
1613 3508 1807 3569 modo
1828 3507 2142 3591 Xanthip-
2204 3540 2475 3615 35„stsp

179 3616 351 3678 pum,
396 3591 596 3655 modo
614 3592 936 3677 Reoulum
950 3591 1304 3663 intuentes,
1342 3588 1532 3671 hujus
1562 3588 1994 3653 aestimatione
2012 3611 2142 3649 ma-
2162 3610 2481 3683 pfadmae’raes-

180 3676 589 3757 gnitudinem
610 3641 1152 3760 sui‘imperatoris
1188 3673 1574 3734 metirentur
1601 3662 2140 3753 eitollerentque.
2168 3680 2264 3731 u'o.

181 3758 511 3836 Quantum
536 3755 726 3813 illum
756 3774 887 3813 esse
923 3756 1123 3812 virum
1156 3762 1438 3826 oportere
1461 3792 1478 3819 ,
1530 3754 1637 3828 qui
1665 3750 1883 3810 ducem
1917 3756 2144 3811 ace-rri-

179 3840 348 3885 mum
365 3863 386 3895 ‚
412 3826 825 3900 fortunatum
849 3822 1221 3881 bellatorem
1241 3858 1259 3892 ,
1298 3825 1591 3880 victorem
1618 3823 1953 3897 superbum
1970 3857 1992 3892 ,
2038 3822 2146 3882 ho.

211 3959 355 4032 Gap.
376 3958 590 4014 XXVI.
607 3955 1151 4037 Frontin3St1-eteg.
1169 3970 1220 4021 a,
1236 3970 1286 4008 a.
1309 3924 1416 4005 Pol
1451 3951 1514 4005 b.
1553 3951 1939 4037 CapXXVII.
1957 3953 2141 4013 Fron-

182 4028 283 4084 tin.
303 4051 357 4098 2,
373 4031 432 4085 3.
449 4027 660 4096 Polyb.
678 4028 949 4080 Frontm.
970 4044 1020 4091 2,
1043 4045 1096 4081 2.
1117 4022 1409 4085 Flor..2,a.
1474 4020 1628 4091 olyb.
1660 4019 1896 4084 Ολυμπ.
1916 4022 2137 4095 drzu-p.

182 4098 430 4174 Eutrop.
444 4095 658 4166 Polyb.
716 4094 864 4169 Cap.
886 4095 1153 4152 xxvln.
1184 4089 1435 4147 Diodor.
1457 4087 1613 4162 apud
1633 4090 1832 4144 Vales.
1850 4093 1890 4149 1.
1916 4094 2002 4151 τιὸ.
