2717 4659
271 160 298 167 .-

236 402 516 470 U.c.486.

258 472 553 526 Sallentini

175 572 182 583 .
235 544 373 594 balo
429 558 519 611 pe-

235 622 454 662 tantur.

223 824 232 829 “
261 811 552 865 Commodi-

238 894 329 934 tas
362 894 551 951 portus

241 948 495 1001 Brundu-

236 1018 369 1070 sini.

582 214 693 256 ιη
736 194 1290 256 FREINSHEMII
1323 187 2141 254 SUPPLEMENTORUM
2171 187 2319 249 Lm.
2343 187 2425 253 V.

572 398 756 459 titur.
823 396 905 457 ad
940 392 1063 460 hos
1099 399 1301 482 igitur
1332 420 1369 458 a
1400 398 1782 461 Picentibus
1820 398 2079 470 bellum,
2124 396 2330 459 veluti
2359 414 2519 457 con-

574 480 835 562 tagione
866 479 1170 561 quadam,
1197 480 1505 563 ‘pervasit
1524 523 1543 552 ‚
1605 481 1688 540 iis
1738 500 1841 552 ue,
1888 484 1976 540 M.
2007 479 2209 541 Atilio
2239 477 2521 563 Regulo,

576 563 654 621 L.
691 561 869 623 Julio
905 561 1159 622 Libone
1197 559 1604 635 consulibus,
1648 562 1717 621 in
1764 562 1960 624 ictum
1995 557 2102 622 est.
2339 616 2347 625 ,

698 725 810 785 XI.
861 723 1134 787 Crimini
1173 722 1427 797 datum,
1492 723 1666 806 quod
1708 723 2024 820 Pyrrhum
2059 742 2138 783 ex
2172 719 2374 803 Epiro
2402 740 2525 781 ve-

578 805 863 867 nientem
903 805 1220 888 portubus
1259 805 1650 889 oppidisque
1689 828 1822 867 suis
1864 804 2264 887 recepiss'ent.
2328 803 2525 863 Cete-

577 908 719 947 rum
752 884 1167 967 commoditas
1188 901 1431 1027 ⁴portus.
1464 886 1887 959 Brundusini‚
1977 888 2063 958 ui,
2112 884 2333 946 eodem
2363 903 2526 944 ven-

577 981 644 1028 to
697 968 1019 1062 spirante,
1079 981 1148 1028 et
1233 969 1521 1029 imittere
1558 988 1756 1030 naves
1798 962 1981 1052 pote.
2023 1008 2040 1038 ‚
2103 979 2169 1028 et
2200 966 2522 1047 accipere,

575 1049 918 1132 facihsque
936 1048 1179 1109 inde'in
1206 1049 1530 1128 Illyricum
1559 1050 1913 1132 etEpirum
1935 1046 2239 1127 trajectus
2260 1089 2276 1117 ‚
2316 1045 2531 1126 quod-

578 1151 703 1213 que
740 1131 1168 1213 opportunius
1203 1127 1547 1193 videbatur
1580 1129 1602 1188 i
1688 1131 1745 1191 is
1782 1129 1998 1191 Italiae
2044 1127 2281 1189 finibus
2316 1126 2526 1209 impe-

576 1212 751 1272 rium'
787 1212 1139 1273 terminare
1159 1254 1178 1285 ,
1258 1212 1556 1273 veriores
1661 1212 1773 1272 elli
1825 1211 2066 1275 cauffae
2113 1208 2522 1295 putabantur.
2616 1278 2627 1279 ἶ

491 1336 494 1339 -
577 1292 1085 1376 'l'riumpharunt
1114 1314 1196 1355 ex
1224 1291 1327 1353 his
1366 1291 1551 1353 ambo
1583 1292 1876 1354 eonsules
1899 1313 2021 1352 una
2044 1291 2173 1363 die,
2302 1311 2374 1349 ae
2397 1289 2535 1351 fuit:

309 1620 470 1674 Pales

237 1691 511 1762 pastorum

246 1759 381 1810 Dea.

243 1850 313 1903 U.
331 1867 384 1902 e.
398 1849 522 1917 487.

239 1919 527 1972 Num.Fa·

167 2006 172 2015 ·
212 1987 336 2066 bio,
367 1988 441 2040 D.
461 1987 558 2040 Ju-

247 2071 522 2121 Πώρου.

289 2191 548 2246 Universa

252 2262 421 2313 ltalia
440 2279 560 2332 per-

248 2341 477 2400 pacata.

579 1387 801 1434 octava
845 1374 1163 1436 Kalendas
1198 1373 1609 1435 Februarias.
1692 1374 1885 1435 Fusis
1930 1374 2070 1434 acie
2124 1374 2205 1434 Sa
2256 1371 2526 1443 entinis,

576 1454 1032 1516 nobiliss'imum
1078 1477 1158 1519 eo
1196 1468 1406 1523 tractu
1456 1476 1540 1538 op
1589 1453 1765 1515 idum
1815 1454 2298 1516 Brundusinam
2328 1466 2534 1535 cepe-

579 1549 755 1608 rant,
803 1537 922 1596 alia
972 1557 1053 1597 ue
1090 1537 1404 1620 prospere
1444 1557 1523 1620 ge
1579 1551 1796 1599 erant:
1856 1534 2074 1616 adjuti,
2112 1549 2180 1596 ut
2208 1534 2532 1607 ferebant,

581 1618 788 1678 aPale
826 1640 903 1698 pa
957 1638 1140 1678 orum
1163 1620 1322 1689 Dea,
1371 1639 1533 1701 quae
1562 1619 1916 1700 praemium
1934 1617 2248 1679 victoriae
2274 1616 2535 1699 petiiss'e

581 1699 754 1760 ultro
787 1699 1063 1771 dicitur,
1110 1706 1184 1762 ut'
1214 1700 1409 1765 aedes
1450 1700 1577 1762 sibi
1610 1703 1853 1761 Romae
1895 1697 2328 1760 dedicaretur.
2393 1701 2538 1757 Ma-

579 1778 709 1860 jori
745 1794 926 1864 parte
962 1780 1467 1842 Sallentinorum
1486 1782 1564 1843 ab
1592 1780 1697 1842 his
1728 1782 2018 1853 subacta,
2062 1779 2399 1842 victoriam
2423 1800 2538 1840 se-

585 1862 842 1944 quentis
876 1862 1026 1923 anni
1065 1862 1359 1925 consules
1400 1861 1830 1926 absolverunt.
1912 1863 2263 1936 Numerius.
2292 1854 2539 1923 Fabiu&

589 1946 661 2006 C.
692 1945 768 2004 F.
801 1947 890 2004 M.
922 1948 1000 2006 N.
1036 1957 1102 2006 et
1130 1946 1213 2005 D.
1249 1947 1289 2007 J
1295 1945 1485 2006 unius
1507 1946 1588 2005 D.
1620 1945 1695 2004 F.
1730 1945 1814 2004 D.
1840 1948 1917 2006 N.
1953 1947 2125 2005 Pera
2153 1943 2362 2004 fuere.
2425 1943 2541 2004 Ab

583 2023 688 2086 his
704 2025 929 2091 Umbri
951 2026 1141 2088 simul
1158 2040 1346 2112 atque
1366 2026 1708 2089 Sallentini
1725 2025 1795 2087 in
1813 2023 2211 2087 deditionem
2230 2024 2508 2108 accepti.

704 2189 842 2248 XII.
890 2189 1000 2250 Sic
1039 2189 1341 2251 universa
1374 2188 1497 2269 jam
1527 2191 1709 2252 Italia
1832 2199 2118 2272 rpacata‚
2225 2209 2304 2248 ua
2337 2187 2543 2260 mari-

588 2267 711 2329 bus
745 2270 809 2330 et
843 2291 1027 2332 amne
1063 2270 1242 2333 Pado
1278 2269 1535 2347 finitur,
1581 2292 1619 2333 e
1646 2293 1727 2334 ve
1780 2271 1915 2354 igio
1952 2289 2075 2356 per
2107 2271 2174 2330 in
2205 2270 2342 2329 ulas
2378 2290 2548 2351 pro-

587 2350 900 2433 pinquas,
966 2366 1034 2414 et
1062 2350 1332 2413 adsitam
1379 2356 1562 2416 Ionio
1600 2353 2067 2447 Adriaticoque
2113 2351 2548 2435 pelago-con-

588 2431 899 2493 tinentem
920 2474 939 2506 ,
984 2434 1257 2495 aliorum
1294 2454 1411 2518 spe
1437 2477 1453 2507 ‚
1499 2436 1769 2499 aliorum
1802 2433 2174 2504 fommdine,
2220 2430 2551 2492 celebrari

588 2514 873 2577 Romana
909 2514 1279 2611 magnitudo
1328 2531 1559 2601 coepta
1597 2514 1706 2577 est.
1791 2516 1951 2578 Nam
1998 2515 2231 2597 quibus
2271 2511 2551 2574 studium

555 2608 731 2686 ‘erat
759 2596 1177 2677 per'injurias
1215 2597 1581 2659 vicinorum
1612 2596 1990 2668 crescendi,
2054 2596 2187 2656 suis
2243 2594 2549 2655 consiliis

289 2844 569 2914 Apolloni-

254 2926 379 2965 atae
412 2914 568 2993 ‘lega-

255 2993 337 3032 tos
349 2994 570 3036 mittunt

257 3047 502 3103 Romane.

590 2675 1123 2759 impedimentum
1166 2700 1202 2738 a
1237 2682 1527 2740 Romano
1564 2679 1954 2749 metuebant,
2000 2676 2145 2737 aliis
2181 2697 2261 2737 ex
2286 2675 2556 2738 diverso

538 2776 541 2783 ’
589 2755 1166 2840 Ρωθῦἃίιιιιιᾴίὶιιᾶ
1195 2757 1501 2823 adversus
1536 2760 1978 2845 impotentiam
2008 2756 2551 2830 adversariorum,

591 2851 908 2921 tamquam
954 2840 1264 2903 divinitus
1317 2840 1633 2913 oblatum,
1695 2839 2220 2925 amplexantibus.
2332 2838 2553 2902 Primi

595 2923 877 2981 omnium
910 2922 1358 3006 Apolloniatae
1378 2966 1395 2996 ‚
1440 2924 1641 2987 millis
1676 2926 1944 2985 Romam
1978 2921 2205 3003 legatis
2229 2963 2244 2992 ‚
2290 2920 2357 2980 in
2384 2921 2554 2981 ami-

596 3002 809 3062 citiam
843 3002 1052 3100 recipi
1087 3004 1438 3086 petierunt.
1520 3006 1689 3067 Urbs
1735 3006 1843 3066 illa
1884 3002 2210 3084 sexaginta
2252 2999 2465 3062 stadiis
2512 3025 2556 3065 a

593 3084 755 3143 mari
785 3084 1054 3158 recedit,
1099 3105 1136 3144 a
1164 3084 1519 3148 Corinthiis
1552 3101 1618 3148 et
1655 3083 2026 3168 Corcyraeis
2062 3082 2337 3154 condita,
2369 3102 2558 3144 com..

592 3167 850 3226 modum
898 3188 978 3228 ue
1016 3179 1278 3251 portum
1314 3166 1542 3247 habet,
1589 3190 1712 3253 qua
1741 3165 2071 3252 proximus
2107 3164 2179 3224 in
2209 3164 2558 3228 Graeciam

594 3266 627 3304 a
667 3247 846 3306 Brun
894 3249 1038 3310 usio
1085 3247 1391 3328 trajectus
1428 3248 1538 3313 est.
1622 3249 1910 3331 Illyricae
1959 3244 2593 3331 Macedoniamque*

595 3327 840 3387 circum
876 3345 1102 3412 gentes
1143 3331 1385 3394 colunt.
1469 3332 1671 3415 igitur
1708 3332 1881 3393 inter
1921 3341 2222 3413 potentes
2254 3342 2319 3390 et
2362 3330 2561 3413 cupi-

595 3407 714 3468 dos
751 3409 1116 3472 libertatem
1157 3433 1333 3472 suam
1376 3433 1571 3497 aegre
1614 3413 1933 3476 tuebatur.
2020 3410 2120 3471 Ab
2153 3425 2374 3487 senatu
2412 3431 2560 3474 non

595 3501 721 3548 tam
757 3491 1037 3554 civitatis
1064 3493 1202 3573 ejus
1241 3513 1424 3578 opes,
1472 3515 1634 3592 quae
1653 3509 1883 3557 tenues
1907 3505 2110 3564 erant,
2157 3508 2341 3576 quam
2364 3506 2562 3574 spem

499 3623 504 3628 ,
595 3566 798 3632 futuri
843 3588 909 3634 et
965 3589 1251 3658 apertam
1303 3574 1403 3636 ad'
1437 3597 1679 3657 majora
1732 3574 2124 3641 occafionem
2181 3587 2557 3661 reputante,

595 3670 905 3736 perquam
949 3655 1315 3720 humaniter
1351 3674 1615 3744 accepta
1653 3657 1740 3722 est
1774 3659 2037 3743 legatio.
2124 3675 2251 3741 quo
2285 3654 2562 3737 gravior

590 3771 594 3775 ’
2321 3754 2471 3796 mox

606 3835 1238 3862 m*-

644 3881 814 3960 pap,
838 3888 906 3940 X·
941 3888 1106 3945 Flor.
1130 3913 1179 3958 1,
1200 3852 1286 3946 ao.
1323 3891 1576 3975 Qut-cop.
1612 3890 1657 3949 l.
1679 3908 1747 3945 m·
1805 3893 1950 3961 Cap.
1972 3890 2073 3942 XI.
2111 3891 2387 3943 Zonaras.
2432 3885 2561 3967 lin-

600 3963 752 4015 mus,
773 3951 814 4004 l.
835 3955 888 4007 6.
909 3958 1189 4014 Zonaras.
1227 3961 1373 4014 Fasti
1394 3959 1476 4014 Ca
1522 3961 1648 4015 1tol.
1689 3960 1966 4016 ZonaraS.
2004 3955 2167 4012 Flor.
2191 3975 2237 4022 ι,
2261 3972 2344 4011 20.
2381 3952 2564 4024 Pngh.

597 4015 829 4161 ikdzznzklp
833 4021 988 4151 1Ιιιιιζ5
990 4025 1148 4148 ,Ερίῑτ
1169 4030 1253 4086 15.
1326 4029 1473 4100 Cap.
1575 4030 1623 4083 1.
1664 4027 1880 4093 Strabo
1914 4027 1957 4083 l.
1976 4045 2031 4098 7.
2075 4043 2139 4098 p.
2174 4026 2298 4084 316.
2336 4032 2395 4115 et
2423 4023 2563 4081 326.

1155 4270 1164 4309 Ι
