2717 4659
606 169 716 236 ¹44
778 155 1338 222 FREINSHEMH
1382 108 2202 221 SUPPLEHENTOJWM
2232 106 2524 229 '121va
2584 172 2591 175 ’

606 272 2574 317 ...-.-.-,-....--..,-,--..-..-,-..-------.ί---.-μ.
2618 284 2621 287 ’

261 355 328 429 u.
348 366 538 436 c.491.
598 363 849 425 menses
887 363 1093 425 ferme
1129 363 1414 447 quinque
1447 344 1659 422 haesit
1692 360 1987 426 obsidio:
2034 384 2267 447 quum,
2300 364 2566 428 neutris

587 442 842 527 infigne
879 445 960 507 ad
1000 444 1339 507 victoriam
1377 456 1767 513 monte-itum
1804 443 2092 527 adeptis,
2138 445 2449 529 (praeter
2471 448 2573 508 le-

599 526 919 587 ves·enim
955 526 1366 587 velitationes
1401 539 1711 589 tentatum
1746 523 1909 585 nihil
1931 525 2189 606 fuerat)
2225 548 2332 588 res
2352 530 2567 588 Puni-

296 601 367 654 ἱ·
390 602 573 655 millia
600 628 712 669 cae
748 607 1078 669 deteriore
1117 608 1264 667 loco
1302 607 1429 667 ess'e
1471 606 1851 688 coeperunt.
1903 606 2072 690 Quia
2114 608 2286 668 enim
2322 609 2566 692 ingens

247 669 571 752 amalum?
598 688 929 749 hominum
954 687 1334 760 multitudo,
1379 686 1552 749 haud
1599 687 1813 748 minus
1896 688 2311 783 uinquaginta
2352 691 2577 751 millia

171 813 178 823 .
261 740 550 876 ssffzffl'm
600 771 1025 842 bellatorum,
1093 783 1269 831 tanto
1320 770 1445 849 ja'm
1486 783 1782 852 tempore
1823 770 1846 830 i
1894 789 1998 830 em
2046 783 2221 837 intra
2243 772 2566 854 oppidum

414 881 436 889 ’
462 842 481 861 ⁶
593 850 897 912 conclusa
930 871 1240 913 annonam
1277 850 1422 912 fere
1462 871 1716 911 omnem
1759 851 2239 933 absumpsiffet3
2302 853 2565 936 sperari

599 953 759 993 vero
803 932 1138 995 subvectio
1186 933 1358 993 nulla
1414 932 1654 1015 poss'et,
1713 931 1929 994 aditus·
1973 952 2195 993 omnes
2242 935 2563 995 Romanis

603 1014 883 1074 sollicite
941 1010 1481 1076 custodientibus:
1562 1017 2116 1096 propugnatorum
2175 1014 2368 1074 animi
2426 1030 2569 1077 tam

648 1095 1045 1155 rael'entibus
1100 1095 1313 1167 malis,
1405 1116 1591 1178 quam
1647 1093 2122 1178 exspectatione
2170 1092 2560 1170 instantium,

598 1117 768 1238 haud
796 1175 1217 1238 mediocriter
1244 1177 1662 1260 angebantur.

295 1289 578 1343 Hanniba!
722 1283 885 1343 LIIl.
914 1283 1158 1364 Igitur,
1196 1281 1904 1364 Hannibale'Gisgonis
1940 1278 2076 1355 filio
2119 1280 2308 1361 (nam
2324 1281 2429 1343 hic
2446 1304 2563 1345 re-

264 1360 557 1428 Agrigenti
601 1361 721 1423 bus
784 1363 1423 1444 Carthaginiensibus
1468 1363 1814 1446 Agrigenti
1880 1363 2242 1449 praeerat)
2299 1365 2561 1428 crebris

260 1428 477 1499 praefe-
601 1443 858 1505 nunciis
904 1465 1095 1539 opem
1143 1443 1447 1509 adversus
1498 1444 1734 1505 famem
1779 1458 1844 1506 et
1889 1445 2184 1529 pericula
2216 1460 2562 1529 poscente,
2612 1480 2618 1489 ·

264 1508 491 1615 ⁶222„
602 1544 746 1586 cum
779 1525 1117 1601 militibus,
1162 1525 1275 1609 qui
1310 1523 1521 1609 postea
1553 1527 1867 1588 contracti
1905 1528 2193 1601 fuerant,
2247 1518 2562 1609 elephan-

263 1650 382 1683 cum
453 1648 578 1684 novo
600 1606 816 1689 tisque
837 1649 853 1679 ‚
901 1608 1131 1667 Hanno
1167 1607 1389 1667 senior
1419 1608 1484 1668 in
1515 1606 1800 1669 Siciliam
1832 1607 2303 1669 transmittitur.
2364 1610 2560 1690 pedi-

263 1701 578 1751 exercituin
603 1701 734 1748 tum
769 1700 953 1749 erant
985 1684 1185 1750 millia
1222 1689 1702 1772 quinquaginta,
1748 1709 1862 1751 sex
1895 1689 2213 1772 equitum,
2257 1691 2559 1772 sexagin-

267 1766 521 1822 Siciliam
603 1782 665 1828 ta
697 1769 1041 1852 elephanti.
1107 1771 1264 1831 Cum
1301 1768 1405 1830 his
1435 1770 1641 1854 copiis
1676 1770 2047 1851 Lilybaeum
2079 1784 2301 1832 vectus
2327 1804 2355 1843 ‚·
2398 1772 2560 1835 inde

266 1838 429 1891 ‘mm-
600 1850 823 1912 versus
857 1845 1237 1912 Heracleam
1271 1850 1514 1915 movit:
1557 1849 1886 1934 statimque
1922 1866 2239 1913 venerunt
2279 1853 2357 1913 ad
2382 1873 2557 1928 eum,

526 1990 532 1997 ,
602 1932 714 2014 qui
745 1930 1143 1993 deditionem
1171 1931 1447 1993 Erbessi
1474 1933 1967 2016 pollicerentur.
2048 1920 2303 1993 ‘Horum
2352 1938 2561 2018 ope'ra

598 2013 870 2074 Erbess'o
903 2014 1147 2096 potitus
1167 2056 1183 2086 ‚
1247 2013 1420 2074 unde
1449 2013 1758 2075 hactenus
1787 2014 1864 2073 ad
1895 2012 2088 2075 castra
2122 2017 2404 2095 Romana
2437 2017 2559 2078 de·-

599 2092 767 2155 ferri
800 2095 1688 2167 commeatusconsueverat,
1748 2116 1887 2156 rem
1923 2095 2093 2156 haud
2128 2096 2374 2157 minimi
2414 2119 2562 2160 mo-

602 2177 801 2236 menti
829 2174 1171 2257 perfeciss‘e
1205 2175 1585 2249 videbatur,
1634 2196 1826 2259 quum
1861 2176 2148 2238 exclusos
2188 2179 2365 2253 omni
2396 2200 2559 2261 pro-

652 2256 949 2317 emodum
974 2257 1272 2318 facultate
1292 2257 1786 2318 necess'ariarum
1804 2279 2022 2327 rerum
2039 2261 2359 2321 Romanos
2382 2259 2563 2323 haud

631 2337 813 2401 evius
844 2342 1148 2420 urgeret,
1210 2360 1398 2422 quam
1440 2339 1517 2400 ab
1571 2338 1673 2399 his
1712 2340 2124 2422 Agrigentini
2164 2340 2558 2423 „premeban-

602 2433 729 2479 tur.
785 2420 1052 2501 Jamque
1105 2419 1185 2480 de
1232 2419 1574 2482 obsidione
1620 2419 1924 2483 solvenda
1955 2420 2376 2482 deliberatum
2411 2439 2560 2488 erat

601 2519 733 2560 non
760 2501 997 2574 semel,
1061 2501 1226 2561 nihil
1273 2521 1355 2562 ue
1397 2502 1670 2585 propius
1714 2500 1983 2575 factum,
2031 2523 2215 2584 quam
2248 2517 2317 2563 ut
2348 2524 2559 2587 nego-

602 2581 763 2642 tium
799 2579 960 2643 istud
989 2604 1110 2664 pro
1146 2582 1229 2644 de
1262 2597 1487 2665 perato
1528 2582 1949 2662 abjiceretur3
1994 2585 2121 2644 nisi
2143 2605 2255 2646 rex
2280 2587 2555 2666 Syracu-

605 2680 796 2724 sanus
818 2705 834 2735 ,
881 2682 1104 2725 omnes
1138 2662 1446 2725 tentando
1476 2664 1613 2726 via's
1643 2663 1937 2725 nonnihil
1968 2663 2277 2728 frumenti
2305 2681 2559 2728 cetera-

602 2732 873 2839 rumque
893 2766 1109 2807 rerum
1130 2745 1356 2806 furtim
1378 2744 1758 2806 submittens
1775 2787 1791 2819 ‚
1881 2745 2237 2809 raesentem
2262 2748 2558 2833 inopiam

601 2824 859 2887 modico
898 2826 1171 2888 subinde
1204 2828 1565 2888 levamento
1606 2846 1833 2887 recrea
1887 2841 1973 2889 et.

299 2943 533 3010 Romam·
722 2933 884 2997 LIV.
929 2934 1160 2994 Hanno
1186 2953 1379 3016 quum
1396 2934 1720 2995 Romanos
1749 2946 1814 2994 et
1897 2934 2139 3009 enuria‚
2185 2949 2249 2997 et
2275 2934 2565 3013 morbiS,

228 3070 231 3075 .
260 3019 496 3097 penurja
526 3024 577 3066 et
602 3015 714 3097 qui
737 3014 921 3097 sequi
943 3015 1174 3076 famem
1200 3014 1435 3087 solent,
1477 3015 1763 3097 graviter
1793 3036 1827 3074 a
1883 3029 2062 3078 ectos
2081 3060 2099 3091 ,
2143 3038 2286 3078 suas
2324 3031 2559 3080 contra

266 3087 468 3137 morbaes
492 3100 577 3137 0‘·
602 3096 821 3179 copias
850 3096 1098 3157 viribus
1121 3096 1397 3178 integris
1422 3117 1615 3179 agere
1643 3096 2115 3180 perpenderet3
2166 3099 2433 3181 propius
2467 3100 2559 3162 ad.

265 3165 491 3207 “⁸⁸³⁹'‘
598 3179 921 3237 Romanos
962 3177 1309 3251 accedere,
1374 3178 1614 3262 proelii
1662 3199 1778 3249 ue,
1853 3179 1907 3239 si
1949 3178 2213 3241 facultas
2251 3180 2552 3254 daretur,

582 3257 923 3320 fortunam
957 3261 1246 3343 experiri
1275 3257 1507 3320 statuit.
1594 3262 1713 3321 Ee
1761 3258 1971 3322 hantis
2008 3261 2208 3342 igitur
2281 3262 2564 3345 uinqua-

644 3339 773 3400 inta
804 3354 1154 3423 ceteroque
1185 3355 1322 3403 toto
1354 3339 1644 3402 exercitu
1666 3363 1699 3400 a
1748 3340 2011 3424 sumptis
2049 3343 2263 3403 Herac
2293 3363 2364 3404 ea
2389 3364 2560 3426 pro-

598 3359 849 3491 iectus,
879 3422 1301 3485 Numidicum
1335 3421 1685 3506 equitatum
1727 3418 2114 3506 praemittit,
2162 3424 2308 3506 qui,
2353 3420 2558 3485 hosti-

598 3525 706 3565 um
740 3501 957 3569 castris
993 3502 1373 3600 obequitans
1393 3546 1411 3577 ,
1474 3503 1746 3566 eliceret
1774 3506 2099 3567 Romanos
2138 3506 2388 3588 equites
2413 3547 2429 3577 ,
2479 3520 2557 3569 et

598 3585 668 3657 in
699 3599 1103 3669 praeparatas
1144 3584 1400 3647 infidias
1434 3583 1804 3647 deduceret.
1872 3586 2164 3648 Numidis
2185 3627 2202 3658 ‚
2248 3587 2340 3648 uti
2367 3607 2556 3647 man-

597 3665 809 3727 'datum
841 3681 1011 3739 erat,
1059 3666 1140 3728 ad
1179 3666 1374 3747 castra
1405 3665 1730 3731 consulum
1753 3667 2559 3751 contemptimprovolan-

594 3747 767 3809 tibus
795 3790 811 3818 ,
874 3769 1055 3810 erum
1100 3762 1214 3811 unt
1257 3749 1574 3818 Romani,
1684 3750 2136 3832 ropelluntque
2173 3747 2555 3812 resistentes

594 3829 843 3912 primo;
889 3771 1123 3892 deiuge
1161 3831 1390 3897 solutis
1427 3771 1766 3921 ordinibus
1799 3830 1923 3903 via,
1971 3851 2093 3914 qua
2114 3830 2341 3893 venire
2370 3833 2558 3891 Han-

584 3942 587 3949 ·
2224 3933 2465 3975 nonem

632 4059 777 4132 Gap.
803 4059 953 4115 LIII.
992 4062 1279 4118 Zonaras·
1296 4061 1502 4135 Polyb.
1521 4060 1771 4122 Diodor.
1790 4062 1990 4134 Eclog.
2013 4059 2056 4117 1.
2080 4059 2167 4119 23.
2188 4059 2394 4130 Polyb.
