2717 4659
410 206 512 301 48
1146 185 1790 277 ”ΕΡΙΤοΜΕ

412 439 734 500 tentatus
773 441 900 499 est.
955 431 1211 517 captivi
1253 434 1401 497 sine
1442 433 1665 515 pretio
1704 431 1985 495 remissi
2019 438 2207 497 sunt.
2296 422 2616 519 Cineas,

413 561 698 649 legatus
766 580 814 624 a
869 556 1159 649 Pyrrho
1217 554 1319 620 ad
1381 559 2103 640 senatum‘missus1,
2175 559 2417 641 petiit,
2514 567 2617 625 ut

359 739 363 750 .
414 682 944 770 componendae
987 684 1187 768 pacis
1227 699 1496 747 caussa
1549 701 1675 746 rex
1704 682 1786 745 ·in
1833 681 2082 746 urbem
2126 674 2607 782 reciperetur.

420 810 506 873 cle
566 830 710 895 qua
765 828 839 872 re
894 828 1121 894 quum
1177 806 1279 871 ad
1334 807 1894 892 frequentiorem
1944 816 2282 873 senatum
2334 807 2615 889 referri

414 937 845 1020 placuisset,
896 936 1027 1017 Ap.
1076 929 1438 997 Claudius
1468 979 1491 1014 ,
1574 932 1692 1016 qui
1748 921 2031 1015 pro'pter
2093 930 2610 1012 valetudinem

419 1059 796 1124 oculorum
849 1056 1150 1141 jamdiu
1223 1056 1540 1125 consiliis
1602 1054 1907 1140 publicis
1964 1073 2040 1121 se
2100 1056 2611 1156 abstinuerat,

2298 1182 2501 1248 venit

416 1445 522 1501 lib.
562 1446 785 1503 missus
823 1443 908 1501 ad
940 1464 1083 1502 eum
1128 1464 1171 1502 a·
1216 1450 1462 1511 senatu,
1534 1440 1608 1496 ad
1629 1442 1789 1496 Flori
1827 1464 1886 1509 ι,
1923 1419 2017 1510 18,
2052 1444 2133 1500 16.
2190 1446 2473 1501 Ceterum
2528 1448 2602 1504 in

421 1524 511 1570 ut.
547 1514 691 1569 SIG.
745 1514 831 1567 lta
872 1514 1045 1568 etiam
1079 1515 1155 1568 est
1194 1515 1255 1567 in
1292 1508 1459 1566 Leid.
1534 1512 1682 1567 urbe
1710 1512 1950 1568 Not-vie.
1983 1523 2043 1567 ‘et
2075 1513 2301 1584 primae
2329 1513 2475 1570 edd.
2517 1515 2601 1569 U·

418 1583 573 1637 Voss'.
589 1582 967 1653 Berg.Lovel.
991 1592 1048 1635 et
1067 1580 1290 1636 Boend.
1312 1597 1460 1635 eam·

419 1669 532 1723 que
545 1647 856 1706 lectionem
873 1667 1094 1716 omnem
1122 1650 1296 1703 etiam
1311 1650 1460 1702 Gro-

419 1717 576 1771 novii
596 1756 612 1785 ‚
684 1729 1061 1789 receperunt,
1134 1717 1242 1770 nisi
1304 1715 1463 1789 quod

416 1785 682 1842 Freinsh.
715 1804 961 1858 eumque
994 1786 1200 1840 imitati
1223 1786 1457 1850 Douiat.

420 1865 477 1909 et
503 1855 714 1910 Cleric.
755 1854 965 1906 iterum
996 1854 1318 1908 omiserint.
1379 1854 1462 1905 Ex

415 1922 646 1995 scriptis
705 1921 1080 1993 adstipulatur
1132 1922 1244 1976 illis
1313 1938 1462 1974 unus

414 1991 648 2045 Not-vie.
692 1991 1189 2062 Praepositionem
1219 1990 1293 2050 <le
1320 1989 1461 2042 omi-

417 2051 684 2115 sit‘Leid.
753 2062 890 2114 Mox
932 2060 1046 2113 alio
1088 2058 1298 2114 ordine
1335 2065 1490 2113 ten->

420 2137 588 2195 tatus
616 2136 709 2183 est
736 2147 774 2183 a
803 2145 950 2199 rege
979 2126 1206 2183 Boend.
1239 2123 1344 2180 sed
1362 2143 1460 2180 vo-

366 2193 391 2232 1
416 2209 510 2251 ees
544 2216 582 2253 a
610 2214 757 2271 reg-e
787 2197 1042 2252 exsulant
1068 2215 1101 2250 a
1124 2197 1307 2268 Berg'.

491 2333 723 2404 cyneas
758 2330 1030 2408 legatus,
1072 2351 1107 2387 a
1125 2328 1364 2402 Pyrrho
1383 2329 1467 2387 ad

421 2408 702 2456 senatum
730 2401 976 2469 missus,
991 2401 1199 2474 petiit]
1219 2400 1461 2456 Cineas.

425 2469 520 2522 sic
540 2468 704 2521 ‘enim
735 2468 1075 2522 Plutarchus
1113 2469 1172 2521 in
1200 2467 1462 2538 Pyrrho:

422 2537 503 2590 sie
551 2534 757 2590 Suidas
812 2537 1033 2591 Κινέας.
1077 2537 1221 2592 SIG.
1300 2533 1464 2591 Adde

423 2603 617 2658 DaviS.
653 2603 874 2661 ad‘Cic.
913 2624 958 2660 1.
993 2607 1224 2660 Tuscul.
1247 2606 1331 2670 ²⁴¹}-
1365 2605 1466 2658 ubi

423 2670 517 2725 ed.
550 2672 851 2727 Gronovii‘
882 2673 1157 2729 mendose
1209 2675 1462 2742 cyneas·

423 2740 497 2795 At
530 2760 583 2807 q.
615 2739 685 2793 ad
715 2741 850 2794 fam.
899 2745 985 2797 25.
1029 2753 1086 2796 et
1133 2742 1204 2798 de
1231 2746 1461 2799 Senect.

430 2810 511 2863 13.
538 2819 696 2862 recte
729 2810 967 2867 Cineas.
1000 2811 1173 2866 DUR.
1247 2817 1467 2869 Vocem

424 2880 648 2934 missus
669 2894 787 2931 non
805 2878 1062 2962 agnoscit
1076 2884 1247 2937 Voss.
1271 2878 1464 2961 Quod,

424 2945 475 2998 si
502 2946 700 3018 plures
733 2944 960 3001 codnees
993 2947 1290 3014 faverent,
1328 2955 1462 3021 pro'-

424 3011 678 3067 bandum
703 3014 1048 3088 judicarem,
1090 3033 1328 3089 eamque
1350 3017 1462 3070 ele-

427 3080 675 3153 gantiam
726 3082 1003 3156 loquendi
1058 3086 1277 3139 auctori
1330 3083 1461 3157 Epi.

420 3160 567 3220 gom.
620 3148 929 3206 adhaesiss'e
971 3164 1235 3226 putarem
1262 3155 1342 3208 ‘ex
1379 3170 1462 3207 as·

426 3218 590 3273 sidua
612 3219 864 3274 lectione
893 3221 1076 3290 Livii,
1119 3224 1217 3296 qui
1247 3221 1324 3277 ita
1343 3239 1462 3276 sae-

422 3287 556 3358 pius
587 3287 810 3341 locutus
845 3287 939 3343 est.
1009 3291 1094 3345 Ita
1146 3292 1257 3359 28‚'
1301 3310 1355 3360 9.
1417 3312 1465 3347 1.

428 3357 632 3432 Quum
689 3359 786 3412 Μ.
853 3358 1070 3414 Fabius
1137 3363 1466 3418 Maximus

421 3432 638 3493 pater,
709 3423 961 3499 legatus
1012 3428 1087 3483 ab
1142 3431 1236 3485 M.
1286 3428 1464 3484 Livio

423 3494 670 3549 consule
721 3495 987 3554 Romam
1037 3495 1121 3551 acl
1179 3504 1465 3552 senatum

344 3622 349 3625 ,
421 3563 800 3617 nunciasset.
820 3562 1101 3634 ubiplura
1116 3563 1268 3619 vide.
1290 3567 1463 3618 Prae-

354 3657 359 3664 ·
422 3637 585 3683 terea
635 3631 798 3699 petit
836 3630 999 3686 Leid.
1049 3635 1221 3688 Voss,
1282 3635 1463 3702 Berg.

420 3695 648 3751 Bovnd.
675 3698 875 3753 Lovel.
915 3711 971 3754 et
997 3700 1233 3756 Hearnii
1263 3702 1333 3755 N.
1385 3705 1460 3759 V.

422 3762 497 3821 ad
520 3763 750 3834 Liv.37‚
779 3771 868 3836 45,
904 3789 955 3824 2.

488 3902 632 3958 Rex
679 3903 747 3957 in
791 3904 1004 3962 urbem
1051 3908 1462 3981 reciperetur]

424 3969 510 4025 Ita
557 3968 822 4042 quidam:
887 3974 985 4028 alii
1020 3974 1290 4040 tradunt,
1339 3991 1472 4029 eum

423 4037 568 4094 nihil
606 4037 797 4107 aliud,
851 4060 1023 4118 quam
1056 4044 1374 4100 amicitiam
1411 4052 1472 4097 et

420 4104 629 4161 foedus
660 4109 906 4180 petiiss'e.
975 4113 1050 4169 V.
1093 4113 1217 4169 Cel.
1248 4112 1468 4168 Duker.

1531 1590 1799 1652 trumque
1837 1581 2053 1634 Latinis
2089 1584 2149 1635 in
2175 1601 2285 1636 usu
2314 1583 2450 1636 fuit.
2509 1586 2592 1638 V.

1519 1646 1605 1709 ⁴ad
1642 1649 1695 1712 8,
1736 1652 1820 1714 ²6,
1866 1650 1920 1704 3.
1991 1651 2056 1705 in
2107 1647 2316 1706 urbem
2359 1661 2599 1717 tamen,
2676 1652 2688 1660 '

1532 1715 1948 1788 quod'omnes
2001 1718 2209 1791 reliqui
2245 1717 2439 1776 redd.
2501 1730 2598 1774 tu·

1531 1796 1742 1850 entur,
1779 1802 1893 1856 pro
1933 1795 2031 1864 ¹ter
2072 1804 2278 1841 eorum
2321 1787 2592 1842 auetori-

1531 1863 1708 1907 tatem
1737 1871 1881 1926 prae
1911 1869 2035 1909 ere.

1599 1990 1866 2063 Propter
1907 1988 2328 2047 valetudinem
2372 1991 2597 2049 oculo·

1532 2078 1670 2142 rum
1687 2057 1968 2181 jazndiu
1997 2077 2034 2113 a
2069 2059 2592 2183 COVSilil-§bpubli-

1530 2130 2114 2267 ssiizz‘ssbssss'il‘z‘ssssfss‘ss
2165 2138 2598 2252 (Γιξὲιέηἱένῖἷῖἶ

1534 2264 1680 2328 SIG,
1742 2268 1826 2320 Ita
1865 2273 1924 2317 et
1958 2262 2119 2317 Leid.
2164 2266 2337 2337 Berg.
2367 2264 2586 2319 Lovel.
2642 2319 2663 2343 Ι

1535 2340 1593 2386 et
1608 2332 1832 2389 Boend.
1889 2330 2040 2387 Vide
2073 2331 2146 2384 ml
2177 2333 2302 2389 Liv.
2325 2337 2376 2399 5,
2410 2336 2504 2401 43,
2526 2334 2586 2388 8.

1515 2420 1576 2457 ,α
1626 2403 1906 2460 consiliis
1953 2401 2220 2473 publicis
2270 2422 2333 2458 se
2384 2402 2590 2458 absti-

1535 2479 1761 2526 nuerat
1785 2474 1953 2525 Voss·
1990 2469 2323 2523 Lectionem
2350 2488 2379 2523 a
2411 2469 2586 2543 Sigo-

1535 2539 1635 2591 nio
1665 2538 1988 2592 damnatam
2027 2555 2173 2589 unus
2206 2547 2400 2592 servat
2428 2541 2582 2592 Nor-

1536 2605 1651 2661 vic.
1688 2606 1945 2661 eamdem
1985 2623 2015 2659 a
2053 2606 2291 2689 reliquis
2337 2605 2584 2661 editori-

1532 2674 1671 2741 buS‚
1713 2675 1882 2729 etiam
1909 2675 2248 2740 Gronovins‚
2285 2673 2585 2729 desertam

1534 2752 1882 2797 revocarunt
1927 2737 2191 2800 Frdinsh.
2241 2744 2479 2812 Doujat.
2522 2749 2583 2795 et

1535 2812 1747 2866 Cleric.
1806 2814 2120 2866 Praeterea
2153 2811 2585 2868 valetudinem

1534 2880 1755 2953 primus
1785 2881 2021 2934 Gruter.
2052 2880 2110 2933 in
2136 2877 2228 2935 ed.
2255 2878 2386 2933 anni
2420 2878 2582 2934 1628.

1535 2948 1784 3020 recepit,
1826 2959 1882 3001 et
1923 2947 2186 3021 plerique
2229 2949 2579 3020 posteaser·

1534 3027 1765 3072 verunt.
1822 3016 2101 3070 Similiter
2119 3015 2495 3089 leguntLeid.
2519 3022 2581 3068 et

1532 3085 1733 3138 Lovel.
1802 3085 1985 3138 Antea
2023 3083 2305 3140 edebatur
2342 3083 2584 3142 invale-

1535 3152 1849 3220 tudinem,
1991 3152 2067 3209 od
2114 3164 2349 3207 tuentur
2394 3154 2574 3207 Voss.

1533 3222 1707 3294 Berg.
1746 3222 1907 3275 Boen
1956 3262 1970 3275 .
2013 3231 2069 3276 et
2102 3222 2340 3275 Not-vic.
2395 3220 2581 3292 idque

1577 3291 1656 3343 ost
1709 3291 1944 3345 Gruter.
2018 3290 2224 3344 iterum
2286 3288 2577 3342 admisere

1584 3358 1801 3413 reinsh.
1844 3359 2079 3426 Douiat.
2130 3369 2186 3413 et
2226 3358 2439 3414 Cleric.
2467 3403 2476 3410 .
2503 3355 2579 3409 U-

1535 3438 1802 3500 trumque
1831 3428 2009 3481 habet
2029 3464 2047 3486 .
2083 3445 2199 3500 quo
2230 3445 2288 3482 se
2320 3436 2578 3481 tueatur.

1537 3496 1709 3550 Certe
1747 3494 2116 3554 invaletudo*
2150 3496 2223 3549 est
2258 3493 2412 3567 apud
2447 3492 2574 3557 cic.

1533 3581 1587 3632 7.
1612 3562 1684 3616 ad
1708 3563 1825 3619 Att.
1846 3562 2306 3621 2.“Invaletudo
2341 3570 2453 3619 tua
2477 3577 2577 3617 me

1535 3631 1713 3687 valde
1740 3634 2090 3690 conturbat.
2128 3642 2183 3686 et
2212 3631 2282 3685 de
2309 3630 2493 3686 Amic.
2511 3649 2568 3684 2.

1537 3698 1716 3774 Quod
1756 3700 1854 3758 his
1886 3704 2074 3758 Nonis
2113 3702 2176 3756 in
2209 3708 2417 3756 nostro
2448 3694 2575 3755 col·

1534 3769 1705 3841 legio
1737 3788 1857 3825 non
1890 3768 2233 3841 adfuisses,
2270 3767 2577 3824 invaletw

1533 3838 1740 3895 dinem
1779 3856 2073 3906 caussae,
2125 3858 2245 3893 non
2273 3833 2576 3893 moestiti-

1535 3926 1658 3973 am,
1681 3904 1908 3977 fuisse.
1944 3903 2045 3958 ubi
2064 3925 2121 3958 v.
2152 3906 2450 3986 Langipm.
2500 3902 2572 3954 Et

1540 3975 1619 4029 ita
1648 3975 1821 4030 eliam
1851 3971 1988 4029 olim
2021 3972 2302 4028 edebatur
2330 3974 2421 4027 ms
2449 3991 2479 4027 a
2513 3985 2573 4022 m

1538 4041 1692 4128 Epit.
1721 4045 1809 4101 33.
1851 4042 1942 4101 Ob
1975 4040 2246 4099 subitam
2273 4042 2415 4099 inua
2447 4048 2578 4096 etu-

1539 4110 1746 4178 dinem
1803 4111 2183 4189 Bergomum
2235 4110 2577 4168 translatus
