2717 4659
581 198 668 258 IN
707 192 1004 258 LOCUM
1045 196 1205 256 LIB.
1234 192 1449 259 me
1478 197 1701 261 Lrvu.
1992 197 2105 260 155

158 401 483 462 nientihus
513 401 794 479 injectae*
821 414 968 461 sunt
1003 413 1298 463 catenae:
1343 423 1471 486 quo
1494 416 1753 477 terrore
1783 424 1971 487 quum
1998 424 2105 466 ce·
2166 402 2439 471 [Le-493·

157 483 274 543 teri
316 484 466 543 sine
511 483 863 544 certamine
897 503 968 543 se
1001 483 1401 544 tradidiss'ent
1423 527 1439 556 ‚
1476 484 1738 545 Boodes
1761 528 1776 556 ‚
1837 487 2106 548 navibus

157 564 452 625 omnibus
492 565 740 648 potitus
768 609 783 638 ‚
827 564 1115 647 captivos
1151 567 1602 649 Carthaginem
1639 568 1833 628 misit.

268 672 341 735 V.
400 666 635 733 Simile
679 693 827 734 mox
858 670 1068 732 Poeni
1102 669 1283 730 ducis
1323 687 1656 753 peccatum
1693 673 1853 745 fuit,
1899 690 2108 755 eoque
2167 662 2440 754 Pomtin-

157 751 414 831 majoris
456 753 831 835 opprobrii,
879 753 1048 836 quod
1080 772 1289 834 neque
1323 755 1591 813 Romani
1623 754 1900 815 consulis
1927 755 2106 815 inco·
2129 773 2208 823 cis
2233 775 2440 839 pericu·

159 833 422 914 gitantia
466 847 596 893 tam
629 835 877 896 recenti
901 834 1214 915 *exemplo
1245 832 1323 892 ad
1353 836 1710 897 cautionem
1792 836 2105 897 rofuiss'et.
2129 842 2268 891 lum.

157 914 530 984 Didicerat,
580 918 923 975 Romanam
956 916 1241 986 class'em‚
1283 915 1454 995 juxta
1490 917 1641 977 litus
1664 860 1950 979 Italicum
1968 919 2108 978 vela
2159 978 2167 987 ,

157 995 504 1056 facientem
528 1002 572 1068 ‚⁸
610 997 686 1057 ad
725 997 963 1057 fretum
997 997 1304 1066 tendere,
1376 1017 1588 1081 neque
1635 1000 1862 1082 procul
1899 999 2106 1061 abess'e

155 1075 273 1156 jam
312 1078 521 1160 poss'e.
595 1080 821 1140 volens
856 1079 1057 1160 igitur
1097 1099 1234 1139 eam
1272 1098 1351 1138 ex
1398 1080 1766 1163 propinquo
1807 1080 2105 1142 conside-

158 1179 338 1231 rare,
395 1174 471 1220 ut
499 1146 837 1232 numerum
866 1162 1153 1232 navium,
1216 1174 1279 1220 et
1319 1180 1481 1242 quae
1523 1163 1591 1221 in
1626 1183 1794 1222 novo
1826 1159 2108 1224 instituto
2213 1233 2225 1244 ,
2351 1232 2362 1245 .

154 1239 464 1301 Romanis
492 1242 745 1323 agilitas
779 1257 843 1303 et
867 1241 1172 1303 habitudo
1204 1242 1380 1311 ciret,
1427 1256 1720 1304 accurate
1754 1262 2105 1326 cognosce-
2153 1230 2398 1282 ''mm‘’

154 1335 253 1381 ret
276 1365 293 1392 ‚
341 1342 492 1383 cum
527 1324 798 1399 navibus
835 1323 1290 1407 quinquaginta
1319 1321 1795 1405 proficiscitur:
1841 1336 2106 1387 securu's
2132 1299 2388 1420 ἕξζηο·

158 1401 399 1475 futuri,
451 1417 518 1464 et
548 1405 771 1478 claffe,
832 1419 901 1466 ut
934 1406 999 1467 in
1042 1425 1233 1466 cursu
1266 1418 1405 1466 tuto
1439 1407 1640 1478 solet,
1708 1406 1983 1488 navigiis
2011 1420 2107 1469 te·
2259 1405 2275 1420 ⁶

161 1502 335 1544 mere
365 1485 709 1568 permixtis
732 1531 749 1561 ‚
791 1508 1014 1572 parum
1051 1485 1452 1569 compositas
1481 1487 1686 1568 Igitur
1713 1487 1781 1546 in
1802 1485 1974 1549 flexu
2000 1508 2108 1550 cu·

157 1562 403 1641 jusdam
446 1570 882 1650 promontorii
911 1572 1120 1651 ‘q'uum
1158 1569 1221 1627 in
1265 1570 1614 1628 Romanam
1652 1569 1901 1631 claffem
1934 1570 2107 1630 ordi-

158 1666 236 1708 ne
271 1649 616 1710 commodo
656 1652 1057 1733 navigantem
1094 1649 1305 1709 subito
1336 1648 1549 1711 illatus
1575 1652 1729 1712 effet
1753 1693 1770 1720 ‚
1836 1665 1981 1711 ante
2012 1652 2107 1712 vi-

160 1741 317 1798 ctus»,
362 1752 557 1813 quam
588 1731 667 1791 ad
695 1753 967 1815 pugnam
995 1744 1222 1813 parare
1257 1751 1326 1790 se
1358 1731 1697 1813 potuiss'et‚
1744 1733 1954 1792 amiffa
1974 1753 2107 1794 me-

161 1808 306 1870 liori
326 1825 515 1893 parte
536 1813 816 1886 navium,
858 1810 1343 1896 postquamipse
1376 1832 1631 1894 quoque
1653 1813 1731 1872 ad
1756 1826 2107 1875 extremum

160 1891 433 1973 periculi
463 1895 762 1967 venisset,
820 1916 961 1956 cum
992 1894 1229 1955 ceteris
1253 1892 1358 1953 vix
1380 1892 1511 1953 effu
1559 1893 1628 1954 it.
1675 1894 1929 1959 Victrix
1947 1896 2107 1956 clas-

163 1972 278 2045 εἱε,
329 1976 598 2058 cognito
626 1977 914 2037 Cornelii
949 1997 1100 2037 casu
1122 2019 1137 2048 ‚
1185 1975 1372 2034 simul
1407 1974 1483 2033 ad
1579 2018 1592 2033 .
1620 1975 1906 2035 Duilium
1935 1977 2111 2038 misit
2198 1986 2211 2003 '

159 2056 469 2127 nuncios,
515 2058 627 2139 qui
673 2078 855 2118 suum
892 2052 1248 2119 adventum=
1281 2055 1341 2114 ei
1383 2055 1860 2136 significarent3
1921 2058 2111 2117 simul

149 2134 231 2196 -ad
270 2136 607 2219 proelium
654 2161 724 2201 se
762 2140 1024 2234 parabat
1048 2181 1064 2210 ‚
1126 2136 1299 2220 quod
1336 2150 1587 2198 ceteras
1627 2136 2110 2220 Carthaginien·

159 2217 320 2278 sium
352 2239 558 2281 naves
591 2221 978 2304 propinquis
1008 2220 1168 2280 locis
1200 2238 1398 2302 agere
1438 2232 1868 2302 compererat.

276 2334 394 2396 VI.
442 2332 539 2393 lbi
563 2333 708 2402 dum
733 2335 1032 2396 sollicitis
1054 2334 1277 2394 animis
1297 2331 1697 2407 incommoda
1729 2353 1983 2393 suarum
2002 2353 2112 2392 na-

157 2402 330 2475 viuin
371 2412 810 2489 confiderant‚
875 2437 1148 2501 easque,
1194 2415 1342 2475 rudi
1378 2434 1577 2497 opere
1605 2411 2031 2485 constructas,
2077 2437 2109 2474 a
2175 2439 2447 2507 hym-w„

157 2496 426 2558 Punicis
460 2498 804 2559 velocitate
836 2499 1029 2592 longe
1067 2497 1358 2578 superari
1396 2507 1729 2576 reputant3
1774 2496 1952 2555 venit
1979 2495 2112 2556 cui·
2140 2508 2211 2558 ad
2225 2518 2443 2580 compre-

161 2574 299 2637 dam
331 2579 403 2638 in
450 2594 728 2644 mentem
774 2579 1098 2641 machmae
1138 2577 1218 2637 ad
1253 2574 1890 2659 comprehendendas
1918 2574 2112 2637 hosti·
2154 2577 2446 2630 hondmdas

157 2680 258 2719 um
290 2680 495 2722 naves
518 2662 958 2743 tenendasque
993 2660 1190 2731 utilis,
1229 2680 1412 2741 quam
1447 2653 1840 2751 postmodum
1871 2687 2114 2727 corvum
2141 2661 2323 2700 naves.

160 2755 582 2803 vocaverunt.
620 2741 757 2822 ejus
780 2742 938 2803 haec
964 2742 1170 2802 forma
1200 2739 1341 2801 fuit.
1389 2743 1664 2820 Tignum
1688 2746 1823 2799 erat
1841 2751 2112 2809 rectum,
2177 2763 2319 2830 Ejus
2366 2764 2447 2815 de-

160 2833 356 2895 teres‚
405 2837 683 2906 quatuor
710 2825 890 2884 ulnas
922 2823 1205 2904 longum,
1249 2821 1528 2882 crass'itie
1557 2818 1937 2885 dodrantali,
1979 2833 2114 2879 tro·
2140 2832 2388 2899 scriptio.

164 2902 410 2965 chleam
451 2904 516 2963 in
569 2926 814 2965 summo
859 2903 1124 2964 habens.
1182 2903 1333 2963 huic
1365 2902 1430 2962 in
1462 2905 1654 2984 prora
1692 2900 1870 2961 navis
1903 2897 2114 2961 defixo

75 2982 84 2987 ’
160 2986 499 3066 aptabatur
542 2987 705 3046 scala
741 3006 852 3046 sex
891 2986 1070 3046 ulnas
1110 2985 1337 3065 longa,
1396 2983 1519 3044 lata
1571 2981 1772 3077 pedes
1821 2994 2112 3074 quatuor,

160 3066 522 3151 composita
569 3087 647 3126 ex
693 3068 1082 3128 transversis
1119 3064 1352 3129 tabulis
1380 3107 1396 3135 ‚
1459 3085 1615 3146 quas
1652 3076 1910 3144 impacti
1953 3061 2115 3123 clavi

160 3146 365 3208 ferrei
401 3145 678 3210 firmiter
702 3148 1137 3209 continebant.
1182 3146 1248 3206 in
1279 3166 1350 3206 ea
1382 3145 1668 3206 machina
1698 3143 1990 3204 foramen
2011 3162 2116 3202 re-

157 3227 386 3290 lictum
425 3245 567 3291 erat
615 3229 995 3313 oblongum,
1057 3248 1184 3312 quo
1210 3228 1391 3311 tigno
1430 3225 1687 3286 inducta
1728 3222 2114 3311 complecte-

158 3324 343 3370 retur
399 3310 604 3383 illud,
673 3311 863 3395 eique
911 3310 1291 3372 cohaereret
1333 3328 1456 3391 per
1508 3329 1535 3367 s
1586 3307 1782 3393 atium
1826 3307 2116 3366 ulnarum

160 3406 481 3474 quatuor,
527 3407 758 3476 quanta
807 3393 1013 3478 ipsius
1039 3390 1223 3474 -tigni
1275 3388 1525 3470 longitu
1575 3410 1613 3450 o
1673 3399 1832 3449 erat.
1910 3386 2114 3446 scalae

158 3492 318 3534 vero
360 3473 617 3556 reliqua
643 3497 794 3558 pars
831 3487 896 3534 et
917 3473 1114 3555 ‘tign‘o
1142 3493 1270 3532 non
1301 3470 1570 3540 inserta,
1630 3490 1791 3565 quae
1824 3469 2114 3528 ulnarum

159 3569 297 3614 erat
333 3553 641 3628 duarum,
709 3553 1085 3639 quibusdam
1121 3552 1297 3614 velut
1335 3552 1625 3613 articulis
1663 3564 1750 3612 ita
1786 3544 2112 3632 depende·
2158 3546 2173 3559 ⁸

155 3635 306 3709 bat,
366 3650 441 3696 ut
471 3636 665 3697 facile
721 3637 929 3698 attolli
981 3633 1360 3716 demittique
1407 3630 1632 3716 poffet.
1719 3636 1787 3693 ln
1825 3645 2112 3693 extremo

156 3718 369 3778 scalae
418 3717 701 3780 validum
753 3716 1026 3779 adfixum
1081 3729 1218 3777 erat
1268 3715 1552 3785 ferrum,
1624 3712 1844 3796 pistilli
1881 3711 2108 3783 forma,

202 3811 576 3867 raeacutum
595 3843 610 3872 ‚
662 3799 834 3882 quod
870 3800 935 3858 in
964 3798 1173 3880 capite
1201 3798 1500 3857 annulum
1527 3794 1798 3855 habebat
1817 3837 1830 3861 ,
1876 3813 1955 3853 ex
1984 3811 2111 3887 quo

156 3821 333 3941 funis
356 3924 372 3949 ‚
434 3879 750 3963 adligatus
785 3879 1296 3964 per-trochleam
1335 3877 1535 3960 tigni,
1599 3877 1666 3936 in
1704 3875 1896 3958 ipsam
1930 3894 2112 3935 navis

221 4031 374 4103 Gaffi-
408 4030 515 4083 IV.
571 4033 852 4083 Zonaras.
905 4027 1065 4080 Flor.
1116 4028 1290 4081 Oros.
1318 4028 1373 4091 4.,
1406 4042 1461 4094 7.
1533 4023 1678 4096 Cap.
1713 4025 1788 4076 V.
1830 4024 2107 4078 Zonaras.

159 4099 429 4172 Cap-NI.
465 4098 696 4154 Florus.
733 4095 939 4167 Polyb.
2050 4108 2053 4113 '
