2717 4659
1769 0 1836 54 ἣ

612 188 726 250 ι3ο
768 187 1324 250 FREINSHEMH
1356 172 2175 287 SUPPLEMENTQRUM
2198 186 2348 247 Lm.
2376 188 2492 255 vt.
2524 176 2553 214 ³

247 414 575 492 D,50·,·,·p„·0‚
727 382 1172 457 xx11.¹11'11·u1a
1205 413 1364 455 vero
1400 391 1510 454 ista
1548 414 1740 476 quum
1779 392 2251 474 magnitudine,
2295 407 2428 475 tum
2456 409 2560 457 et-

603 478 729 553 iam
753 478 1085 539 fertilitate
1117 496 1360 545 omnes,
1407 475 1657 558 quaein
1688 475 2163 535 mediterraneo
2195 477 2557 553 marisam,
2656 482 2661 487 ’

603 560 798 641 longe
846 557 1208 620 antecellit:
1281 557 1446 627 olei,
1518 556 1693 626 vini,
1751 556 2059 616 frumenti
2090 557 2316 639 optimi
2355 580 2561 641 supra

605 639 799 701 fidem
833 640 1049 701 ferax:
1107 639 1349 721 populo
1384 637 1727 720 frequens,
1770 637 2112 719 multisque
2152 652 2216 698 et
2257 641 2558 701 maximis

601 722 871 783 urbibus
904 721 983 782 ad
1018 720 1394 799 miraculum
1427 718 1716 779 exculta:
1777 732 2077 801 portuum
2112 733 2319 779 autem
2353 721 2560 782 situs-

604 823 731 887 que
774 804 973 864 totius
1017 798 1467 863 commoditate
1504 799 1613 859 vix
1658 799 1819 859 alius
1863 801 2290 883 magnamini
2339 803 2561 864 erium

607 882 994 945 consttiuere
1028 879 1437 965 cupientibus
1473 900 1675 962 aeque
1713 880 1985 943 idoneus
2020 882 2200 943 locus
2236 905 2270 943 e
2300 899 2343 943 t.
2381 891 2559 945 'mam

602 965 820 1026 Italiae
858 964 1193 1047 conjuncta
1239 980 1324 1022 ex
1380 962 1628 1023 diversa
1678 975 1862 1044 parte
1918 961 2203 1025 Africam
2243 965 2505 1048 respicit
2529 986 2557 1043 3

601 1046 728 1108 alio
769 1068 848 1107 ex
895 1047 1097 1111 latere
1133 1041 1528 1104 Sardiniam:
1595 1043 1671 1102 ab
1714 1043 1988 1104 Oriente
2030 1047 2560 1128 Peloponnesum

603 1142 670 1190 et
719 1129 1053 1191 Graeciam
1087 1125 1267 1187 Ionio
1305 1124 1466 1184 mari
1508 1122 1820 1185 discretas
1861 1124 2087 1186 habetz
2148 1147 2558 1209 quaquaver-

604 1230 742 1270 sum
774 1201 1180 1290 navig'atione
1211 1206 1436 1277 brevi,
1482 1218 1547 1266 et
1585 1205 1664 1265 ad
1696 1205 2076 1266 emittendas
2110 1207 2560 1289 accipiendas-

602 1312 728 1373 que
770 1290 990 1352 claffes
1033 1287 1355 1350 facillima.
1421 1292 1647 1370 Neque
1686 1286 1948 1346 dubium
1982 1287 2090 1358 est,
2136 1289 2562 1371 cupiditatem

295 1399 449 1455 Bm,-
471 1397 574 1452 pu„
598 1371 719 1434 hac
756 1370 958 1434 insula
987 1367 1306 1454 potiundi,
1351 1388 1540 1452 quam
1573 1369 1804 1430 eodem
1832 1382 2124 1453 tempore
2147 1385 2211 1431 et
2227 1372 2562 1433 Romanus

265 1473 372 1523 uici
415 1485 576 1541 prae-
647 1473 685 1515 o
733 1454 911 1525 ulus,
959 1465 1024 1513 et
1058 1448 1611 1591 Carthagiiniensis
1645 1448 2019 1527 affectabat,
2076 1451 2340 1512 caussam
2369 1450 2563 1515 bello

266 1551 446 1607 textus
491 1547 543 1589 u
599 1475 682 1597 ge
731 1535 842 1597 iffe
868 1568 889 1604 ‚=
927 1534 1084 1601 licet
1128 1531 1250 1593 alia
1344 1532 1698 1593 icerentur.
1763 1553 1907 1591 nam
1941 1530 2558 1595 Romani'Tarenti-

264 1622 507 1662 “umu-
599 1637 721 1679 nos
757 1629 980 1677 eontra
1019 1613 1253 1676 foedus
1291 1612 1542 1695 adjutos
1574 1612 1967 1697 arguebant:
2032 1616 2242 1675 Poeni
2274 1615 2558 1676 societa-

599 1711 733 1760 tem
773 1717 919 1759 cum
951 1696 1243 1761 Hierone
1269 1737 1287 1768 ,
1346 1707 1421 1757 ut
1465 1693 1769 1760 adversus
1816 1715 1887 1758 se
1928 1694 2186 1771 initam,
2248 1696 2563 1758 erimina-

598 1779 851 1842 bantur.
1811 1817 1814 1820 -

270 1945 544 2015 U.o.489.
725 1943 950 2007 xxm.
998 1928 1302 2004 Ceterum
1337 1959 1420 2002 eo
1466 1937 1592 2020 jam
1627 1939 1957 2024 potentiae
2011 1938 2236 2004 civitas
2278 1952 2559 2025 utraque

266 2016 550 2152 uss'aecjio‘:
602 2037 1028 2109 pervenerat,
1093 2035 1165 2083 ut
1207 2022 1440 2084 evitari
1470 2043 1599 2083 non
1629 2022 1955 2104 potuerit,
2017 2022 2174 2104 quin
2208 2022 2558 2105 aliquando

263 2155 475 2223 populi.
607 2125 1002 2201 quacumque
1048 2102 1130 2164 de
1189 2105 1392 2166 caussa
1448 2104 1937 2166 colliderentur.
2001 2102 2559 2201 Quemadmodum

608 2209 780 2250 enim
799 2187 1091 2256 arbore&>
1131 2204 1261 2244 non
1286 2205 1516 2266 magno
1552 2186 1891 2248 intervallo
1931 2200 2239 2258 comitae,
2281 2186 2563 2268 aliquam

608 2266 869 2351 quidem
901 2267 1012 2326 diu
1048 2285 1178 2327 non
1217 2265 1577 2350 impediunt
1614 2267 1899 2331 invicem
1935 2268 2325 2350 magnopere
2355 2287 2374 2343 3
2422 2289 2557 2328 ,au-

609 2362 748 2410 ctae
786 2369 945 2410 vero
967 2390 1007 2419 ‚2
1045 2346 1414 2407 alimentum
1448 2362 1638 2431 atque
1669 2368 1926 2410 succum
1966 2361 2184 2423 mutuo
2215 2349 2557 2434 intercipi-

607 2444 758 2506 unt3
803 2450 997 2513 quum
1031 2427 1412 2508 grandiores
1456 2427 1603 2490 fieri
1638 2442 1942 2513 coepere,
1985 2426 2310 2491 radicibus
2345 2444 2410 2492 et
2445 2451 2558 2490 ra-

553 2574 560 2581 .
608 2512 732 2572 mis
770 2510 1127 2589 commiffae
1155 2523 1548 2571 atterunturt
1594 2512 1682 2573 ita
1700 2511 2111 2595 surgentibus
2126 2511 2417 2594 imperiis
2443 2513 2559 2574 vix

609 2613 733 2676 per
783 2606 1069 2665 naturam
1122 2589 1363 2652 diutius
1430 2589 1557 2653 fida
1606 2612 1868 2654 manere
1926 2590 2129 2676 potest
2181 2593 2559 2668 concordia,

615 2695 802 2758 quam
836 2672 1085 2750 donee,
1149 2672 1385 2735 extrito
1435 2673 1607 2756 quod
1652 2673 1932 2735 medium
1974 2673 2220 2747 suerat,
2287 2675 2559 2754 conjun-

615 2756 740 2817 ctis
768 2755 892 2836 jam
923 2753 1158 2815 finibus
1202 2756 1653 2816 concurrentia
1687 2769 1957 2837 urgeant
1981 2758 2151 2817 inter
2177 2777 2246 2817 se
2263 2757 2569 2817 trudant-²

615 2858 741 2921 que
765 2879 782 2909 ‚
837 2856 1049 2920 neque
1096 2838 1386 2919 priorem
1431 2837 1597 2898 intra
1638 2839 1896 2906 modum
1930 2836 2124 2900 standi
2159 2837 2245 2898 im
2296 2838 2559 2900 etrabili

531 2934 536 2937 “
613 2920 977 2989 voluntate,
1039 2938 1249 3001 neque
1282 2917 1533 2990 libere,
1598 2918 1728 2985 nisi
1775 2920 2043 2981 remotis
2078 2861 2559 2993 obsisfeiitibus,

519 3016 524 3023 ¹
617 2999 697 3060 ad
724 2999 1030 3081 majorem
1061 2998 1538 3083 amplitudinem
1567 3000 1900 3082 procursu.
1958 2998 2324 3062 Accedebat
2340 3002 2420 3061 ad
2437 3002 2563 3063 has

620 3083 855 3144 causs'as
891 3080 959 3141 in
995 3093 1136 3141 utra
1187 3100 1266 3162 ue
1323 3081 1582 3142 civitate
1629 3102 1852 3166 magna
1936 3081 2102 3142 lehis
2139 3097 2203 3142 et
2238 3084 2562 3165 potentia,

620 3175 687 3223 et
726 3160 1122 3246 suscipiendi
1202 3161 1394 3223 ellum
1437 3162 1773 3245 cupiditas.
1856 3105 2014 3225 Nllim
2052 3162 2122 3222 in
2154 3163 2566 3247 Carthagini-

621 3244 766 3306 ensi
799 3243 1131 3327 republica
1163 3243 1391 3327 vulgus
1421 3244 1669 3307 valebat
1750 3245 2084 3306 lurimum:
2173 3244 2323 3318 uod,
2355 3246 2570 3316 auctis

315 3348 468 3402 Bau
504 3365 594 3403 cu-
619 3325 899 3388 civitatis
946 3324 1211 3407 opibus,
1280 3325 1480 3395 variis
1528 3339 1593 3387 et
1635 3325 1703 3409 ip
1732 3348 1837 3387 um
1885 3347 2132 3389 commo
2179 3327 2236 3387 is
2270 3329 2567 3411 locuple-

277 3417 513 3489 pn'disas.
618 3408 742 3468 tari
785 3407 1081 3478 solitum,
1146 3403 1434 3488 quaestus
1477 3407 1817 3469 dulcedine
1863 3408 2033 3470 bella
2072 3409 2375 3469 ex‘bellis
2422 3409 2568 3471 seri

295 3512 300 3515 ·
617 3509 746 3549 non
776 3488 1047 3549 invitum
1084 3488 1465 3570 patiebatur.
1551 3493 1775 3572 Neque
1811 3492 2075 3551 multum
2110 3489 2365 3553 diversa
2403 3511 2573 3553 con-

621 3569 784 3631 ditio
820 3573 1140 3631 Romanae
1183 3569 1609 3630 multitudinis
1643 3585 1814 3647 erat3
1867 3591 2033 3655 quae
2074 3570 2296 3632 damna
2335 3574 2435 3632 rei
2460 3573 2571 3635 fa-

618 3650 888 3712 miliaris
912 3693 928 3723 ‚
976 3672 1048 3710 su
1098 3650 1302 3712 eriori
1328 3650 1521 3712 bello
1543 3651 1747 3724 illata,
1808 3653 2047 3729 Siculis
2084 3651 2330 3715 divitiis
2363 3653 2567 3718 facile

291 3773 306 3805 s
623 3733 913 3817 reparari
954 3674 1128 3814 poH'e
1169 3753 1437 3816 sperans
1460 3774 1476 3805 ,
1546 3755 1666 3817 pro
1703 3734 1846 3815 jure
1883 3755 2090 3817 nuper
2116 3734 2413 3796 Patribus
2446 3756 2566 3798 ex..

618 3850 1028 3955 '‘eap.xxl1.
1065 3888 1280 3944 strabo
1300 3924 1318 3957 ‚
1346 3888 1392 3942 1.
1410 3891 1465 3944 6.
1484 3909 1559 3963 p.
1587 3892 1710 3947 2⁶8.
1748 3892 1906 3946 rhun
1945 3891 2005 3948 d.
2030 3891 2073 3944 1.
2108 3892 2164 3946 ⁶.
2201 3890 2564 3951 Macrobius.

621 3951 871 4007 Diodor.
891 3955 1092 4029 Eclog.
1116 3958 1155 4010 l.
1173 3958 1253 4013 23.
1297 3958 1457 4012 Flor.
1479 3980 1530 4024 2,
1550 3978 1597 4013 α.
1635 3962 1698 4017 L.
1720 3960 1905 4033 Ampe
1931 3961 2037 4027 ius,
2056 3965 2202 4029 aas»,
2237 3959 2362 4014 Liv.
2380 3980 2405 4013 ἰ
2420 3984 2464 4024 1,
2476 3980 2571 4017 ιο.

619 4022 901 4143 {optaram
974 4026 1118 4098 Cap.
1140 4026 1346 4082 xxm.
1383 4027 1616 4087 Aristot.
1649 4029 1820 4085 Polit.
1842 4049 1896 4099 2,
1918 4048 2002 4085 u.
2042 4031 2320 4109 Zonaras.
2354 4030 2577 4104 Polyb.
2678 4058 2679 4107 ]

657 4126 675 4158 ‚
770 4127 785 4142 .
1267 4112 1288 4137 ο
2430 4132 2437 4139 ,
2678 4124 2679 4131 ,

2560 4206 2569 4215 “
2644 4192 2677 4321 4
