2717 4659
408 203 519 267 126
559 196 1113 291 FREQNSHEml
1146 184 1979 259 SUPPLEME'MURUM.
2021 190 2167 252 Lm.
2188 188 2298 256 VI.

401 409 601 473 rectis
695 427 730 467 e
765 403 1040 467 consiliis
1070 405 1158 466 ita
1187 402 1546 487 composuit
1578 418 1788 466 motus
1808 447 1824 478 ,
1846 418 1940 467 *ut
1972 421 2105 463 non
2130 402 2340 463 mino-

402 493 585 554 ribus
672 488 841 549 udiis
876 507 1101 547 eorum
1122 528 1140 560 ‚
1187 484 1490 548 adversus
1527 505 1689 570 quos
1718 500 2022 558 venerat,
2089 502 2275 568 quam
2304 503 2343 545 ι

99 573 331 628 frum
407 571 640 658 quibus
691 570 1002 631 adductus
1051 567 1298 641 fuerat,
1389 581 1652 650 praetor
1697 566 2030 649 Syracusis
2087 584 2344 628 creare-

66 654 306 699 creatur·
405 669 533 720 tur·

531 734 702 798 xlv.
755 733 883 793 Hic
920 749 1112 804 vero,
1179 731 1580 813 reipublicae
1626 748 1848 791 euram
1894 743 1969 792 ut
2010 750 2163 792 suae
2201 744 2344 795 toto

408 818 621 880 animo
650 814 1018 897 complexus
1043 856 1060 885 ‚
1105 832 1300 896 quum
1337 834 1371 872 a
1405 813 1601 896 longo
1634 809 1757 891 jam
1789 814 2350 896 tempore‘vitium

407 898 574 961 istud
609 898 679 958 in
711 894 933 958 Sicilia
969 895 1302 956 inolevisse
1338 908 1673 964 cerneret,
1718 905 1808 964 ut,
1853 894 2109 977 quoties
2145 896 2344 980 magi-

412 980 635 1043 stratus
677 978 895 1062 copias
938 976 1324 1046 eduxiss'ent,
1385 977 1489 1037 vel
1530 976 1600 1040 in
1657 977 1944 1037 exercitu
1980 976 2353 1039 turbaretur

412 1058 691 1143 aliquid,
740 1059 842 1119 vel
889 1055 1065 1119 domi
1113 1078 1423 1118 novarum
1477 1078 1696 1117 rerum
1743 1070 1952 1127 motus
1998 1057 2347 1133 orirentur,

412 1138 909 1222 circumspicere
957 1139 1039 1199 ali
1132 1158 1234 1199 em
1274 1156 1395 1199 coe
1441 1138 1526 1210 it,
1603 1137 1708 1198 cui
1755 1155 1864 1197 res
1898 1136 2170 1199 urbanas
2207 1154 2348 1203 tuto

415 1221 749 1291 erederet,
775 1222 853 1282 si
902 1241 1065 1305 quan
1116 1240 1153 1281 o
1186 1220 1324 1301 ipse
1357 1160 1438 1279 a}
1472 1219 1710 1281 bellum
1756 1218 1938 1279 exire
1978 1235 2348 1302 cogeretur.

413 1308 694 1367 Uxorem
725 1303 929 1386 igitur
965 1301 1145 1362 duxit
1182 1300 1376 1361 filiam
1408 1301 1737 1384 Leptinis,
1784 1301 1894 1383 qui
1923 1321 2022 1360 ma
2067 1322 2145 1361 na
2181 1302 2356 1364 inter

415 1388 594 1449 cives
629 1384 1043 1454 auctoritate,
1088 1383 1194 1444 vir
1225 1381 1415 1443 etiam
1453 1382 1825 1465 cumprimis
1849 1380 2021 1443 hone
2071 1405 2145 1443 us
2168 1382 2354 1446 fidei·
2418 1402 2427 1406 ⁴

127 1502 390 1557 M‘mm„
419 1487 544 1552 que
592 1479 781 1528 tenax
812 1464 1185 1526 habebatur.
1269 1468 1360 1523 lta
1449 1461 2090 1533 rovisisdomesticis
2130 1467 2351 1540 rebus,

80 1575 288 1627 riorum
313 1569 394 1619 in-
418 1548 719 1613 adversus
751 1546 1296 1607 mercenariorum
1328 1545 1397 1605 in
1428 1546 1729 1606 olentiam
1747 1545 2104 1606 remedium
2128 1567 2357 1610 neces-

83 1640 361 1692 sotentimn
421 1631 656 1693 sarium
682 1627 908 1710 magis,
944 1647 1130 1711 quam
1158 1645 1619 1711 usquequaque
1650 1626 2010 1701 laudabile‚-
2034 1647 2357 1690 commen-

84 1706 343 1762 retundis.
419 1725 523 1774 tus
565 1707 671 1772 est.
756 1729 933 1781 nam,
1009 1708 1241 1770 educto
1295 1722 1518 1769 contra
1569 1710 1987 1771 Mamertinos
2043 1712 2355 1785 exercitu,

423 1813 618 1878 quum
641 1792 741 1852 illi
777 1790 949 1872 juxta
983 1791 1366 1872 Centuripas
1401 1789 1839 1861 occurriss'ent‚
1881 1792 2082 1852 aciem
2107 1791 2184 1851 ad
2207 1793 2361 1872 Cya-

103 1893 398 1947 Dotousus.
421 1873 744 1936 mosorum
776 1892 1020 1934 amnem
1052 1872 1178 1934 hoc
1223 1868 1376 1933 dolo
1417 1869 1741 1946 instruxit,
1799 1886 1902 1945 ut,
1960 1873 2134 1934 inter
2178 1875 2358 1936 cives

423 1955 991 2038 mercenariosque
1038 1953 1383 2016 intervallo
1443 1953 1676 2015 relicto
1699 1997 1715 2027 ,
1794 1952 1915 2015 hos
1954 1956 2358 2016 committere

423 2037 747 2123 proelium
791 2036 1078 2117 juberet,
1140 2049 1456 2118 tamquam
1501 2035 1637 2118 ipse
1682 2054 1825 2096 cum
1859 2036 2122 2096 urbanis
2155 2037 2360 2119 signis

427 2119 548 2181 alia
582 2132 766 2202 parte
813 2117 1189 2214 impeditum
1235 2130 1302 2179 et
1347 2115 1698 2197 districtum
1734 2114 1972 2178 hostem
2007 2110 2362 2180 invasurusss

427 2199 516 2262 ita
546 2199 925 2261 conductitii
960 2197 1202 2275 majore
1230 2198 1755 2260 Mamertinorum
1792 2214 2060 2260 numero
2089 2199 2363 2260 circum..

428 2281 607 2346 venti
645 2281 913 2342 cadunt=
973 2279 1109 2364 ipse
1132 2323 1148 2353 ,
1191 2279 1342 2341 dum
1369 2279 1598 2341 horum
1620 2281 1815 2343 caede
1846 2279 2226 2342 distinemur
2245 2280 2363 2342 ho-

428 2361 590 2507 stes,
636 2362 839 2425 otiose
879 2374 1147 2446 tutoque
1180 2360 1596 2444 Syracusanas
1635 2364 1853 2448 copias
1886 2362 1955 2423 in
1991 2361 2218 2424 urbem
2258 2380 2367 2423 re·

259 2475 290 2485 Ι
475 2458 627 2506 uolt·
1840 2473 1849 2477 ’

553 2549 698 2615 XV.
742 2547 846 2610 Ad
875 2547 1046 2610 hunc
1078 2544 1337 2610 modum
1371 2562 1719 2632 repurgato
1743 2592 1760 2621 ‚
1809 2542 1965 2633 quid
2010 2550 2123 2612 uid
2154 2551 2222 2613 in
2257 2571 2369 2614 ex.

437 2630 645 2692 ercitu
675 2651 975 2713 aegrum,
1035 2644 1099 2693 et
1131 2628 1211 2691 ad
1251 2629 1604 2693 seditiones
1643 2651 1919 2714 pronum
1997 2647 2217 2706 uerat,
2259 2656 2372 2695 ur-

435 2711 666 2775 banum
709 2711 980 2774 militem
1020 2709 1291 2774 studiose
1337 2728 1635 2776 exercet=
1694 2733 1892 2774 novas
1937 2716 2372 2783 mercenario-

435 2788 581 2856 'rum
622 2794 841 2878 copias
876 2793 1212 2857 conducitz
1277 2806 1466 2876 atque
1492 2795 1616 2868 ita,
1659 2795 2111 2858 benevolentia
2137 2798 2371 2860 multo-

437 2896 580 2936 rum
614 2891 1006 2960 comparata,
1051 2889 1301 2937 remoto
1338 2874 1742 2941 audaciffimo
1772 2897 2054 2962 quoque,
2096 2878 2373 2962 reliquis

439 2952 738 3019 adversus
768 2962 1073 3019 armatum
1098 2971 1162 3021 et
1193 2957 1503 3018 intentum
1540 2958 1773 3020 mutire
1806 2978 1933 3019 non
1960 2959 2160 3034 ausis,
2188 2959 2374 3044 prin-

327 3084 334 3093 f
439 3036 717 3123 cipatum
752 3038 1063 3102 arbitratu
1093 3059 1209 3102 suo
1242 3036 1647 3117 administrat.
1703 3043 1956 3101 Interea
1976 3041 2371 3125 Mamertini,

139 3138 269 3188 Cum
295 3135 416 3190 Ma.
438 3120 686 3182 recenti
717 3121 991 3184 victoria
1025 3120 1410 3193 ferociores,
1457 3120 1872 3205 contemptim
1902 3135 2093 3204 atque
2124 3137 2375 3184 temero

103 3206 349 3257 mertinis
441 3198 973 3293 Syracusanorum
991 3201 1153 3266 fines
1173 3204 1664 3300 populabantur.
1717 3201 2040 3266 Adversus
2072 3202 2193 3269 hoa
2216 3204 2376 3265 Hie-

106 3274 317 3328 f‘uuffl·
438 3303 553 3357 ro,
589 3282 1006 3367 jam“civibus
1043 3300 1109 3347 et
1149 3285 1340 3348 mihti
1370 3281 1614 3358 fidens»,
1679 3283 2122 3367 incunctanter
2231 3282 2376 3347 res'-

441 3384 585 3441 sus,
635 3365 714 3426 ad
758 3365 955 3450 ipsam
980 3365 1252 3429 hostium
1285 3367 1544 3440 urbem,
1591 3364 1856 3428 dimiss'is
1900 3366 2123 3449 pass'im
2156 3388 2197 3450 g
2226 3364 2376 3431 obis

433 3442 582 3509 fere
611 3469 905 3521 vacuam.
946 3446 1138 3515 castra
1173 3447 1406 3533 posuit.
1471 3446 1650 3527 cujus
1684 3447 2016 3518 intellecto
2053 3447 2379 3509 discrimi-

438 3548 520 3591 ne
548 3573 564 3604 ,
610 3528 977 3592 Mamertini
1008 3529 1086 3591 ad
1127 3529 1464 3592 ferendam
1497 3529 1631 3595 suis
1671 3546 1860 3614 opem
1896 3527 2198 3615 expedito
2229 3548 2377 3591 cum

440 3612 691 3675 aomina
737 3610 1014 3695 impigre
1064 3625 1504 3675 accurrerunt.
1586 3610 1829 3685 Hiero,
1886 3611 2077 3673 motis
2112 3631 2191 3672 ex
2217 3628 2378 3706 agro

130 3668 291 3744 >Urbs
304 3667 413 3722 ‘¹¹3'
435 3654 822 3756 lfamertino
855 3691 1094 3769 castris,
1131 3693 1331 3775 Mylas
1357 3692 1607 3763 urbem,
1651 3705 1717 3754 et
1738 3692 1806 3752 in
1835 3712 1909 3754 ea
1929 3693 2175 3761 milites!
2197 3690 2378 3753 misse

100 3750 226 3876 {22⁶
270 3756 417 3793 ‘'⁶⁶¹‘'
442 3775 833 3859 quingentos
862 3795 933 3837 ca
982 3775 1070 3838 it:
1143 3772 1295 3837 inde
1316 3818 1333 3847 ‚
1394 3771 1664 3836 castellis
1702 3774 1946 3858 aliquot
1973 3774 2117 3835 aliis
2147 3772 2383 3857 raptim

441 3854 686 3938 potitus
708 3900 724 3930 ,
770 3857 931 3917 Ame
965 3856 1134 3918 elum
1165 3855 1498 3940 procedit,
1542 3853 1757 3916 medio
1781 3855 1954 3916 inter
1978 3853 2286 3937 Agyrium
2313 3865 2382 3914 et

444 3938 827 4023 Centuripas
868 3938 1015 4001 loco
1053 3939 1266 4002 situm.
1350 3936 1425 4003 Id
1461 3956 1721 4022 quoque
1740 3978 1760 4013 ‚
1816 3936 1973 4000 licet
2007 3933 2383 4005 munitioni?

510 4082 801 4168 σαρξὶν.
837 4082 1012 4150 Diod.
1033 4092 1235 4169 eclog.
1260 4092 1302 4147 1.
1325 4082 1412 4151 2'2.
