2717 4659
48 717 51 750 ,ε
157 711 360 773 agmen,
393 695 762 778 multosque
784 694 1027 758 milites
1048 714 1194 756 cum
1212 694 1465 756 duobus
1496 694 1859 779 elephantis
1878 716 2072 780 pere-

532 223 962 316 m'Locun
1002 240 1165 304 tm.
1208 213 1381 305 xlv}
1427 240 1651 332 mvn.
1985 258 2064 324 «μ

158 446 295 507 tibus
315 490 331 519 ‚
364 435 521 509 *mox
557 448 627 514 in
657 446 1027 531 periculum
1051 445 1222 507 haud
1253 446 1790 518 contemnendum
1814 447 2068 512 incidit.
2128 450 2198 506 U.
2216 451 2406 521 0477.

157 526 330 610 Quum
355 530 528 591 enim
567 551 692 614 per
725 530 866 591 loca
905 548 1095 590 caeca
1126 544 1193 591 et
1223 530 1496 593 saltibus
1525 530 1836 614 impedita
1871 530 2069 594 duee·
2130 523 2386 574 Insidiis.
2462 573 2466 582 .

148 622 267 682 ret,
324 613 533 673 coorti
572 633 652 673 ex
687 609 932 672 insidiis
965 610 1178 674 hostes
1208 613 1636 676 turbaverunt
1667 613 2071 675 noviffimum
2098 590 2409 714 ἕζῖἑηίἑ.

158 789 385 836 merum.
1715 765 1785 834 N·
2095 730 2304 852 ‘ZZZ-25
2350 731 2409 781 ῥ’

244 883 427 943 XXII.
474 884 636 946 Erat
673 903 889 967 neque
925 901 1170 969 genere
1216 884 1637 960 bellatorum,
1701 903 1784 946 ne
1833 905 1918 945 ue
1953 904 2102 963 nu·-

158 978 297 1024 mero
329 965 696 1050 spernenda
726 969 995 1040 manue,
1019 966 1247 1028 decem
1282 967 1454 1028 haud
1476 969 1688 1029 minus
1721 969 1808 1028 mi
1836 967 1922 1027 lia
1953 964 2073 1026 ho-
2136 1011 2140 1016 «

154 1045 352 1105 minum
387 1047 459 1107 in
501 1050 697 1110 armis
745 1048 1278 1123 exercitatorum,
1335 1050 1707 1111 Mamertini
1743 1049 1914 1134 pleri
1966 1067 2069 1109 ue.

152 1126 220 1184 Hi
244 1127 437 1203 enim,
484 1130 630 1192 Rhe
658 1130 934 1192 ‘inorum
965 1132 1245 1192 amicitia
1290 1145 1355 1192 et
1390 1133 1777 1215 cognatione
1818 1141 1938 1191 con
1992 1131 2072 1203 si,

151 1205 444 1276 intellecto
477 1215 645 1293 Pyrr
692 1234 800 1273 um
835 1212 902 1272 in
931 1214 1173 1274 ltaliam
1209 1217 1457 1276 reverti
1501 1212 1908 1284 constituiss'e‚
1940 1212 2078 1273 fre-

150 1301 258 1350 tum
284 1294 543 1376 priores
585 1295 1092 1377 transjecerant,
1156 1310 1222 1358 et
1267 1315 1385 1395 spe
1423 1289 1705 1381 praedae
1733 1295 1803 1356 in
1833 1311 2077 1378 oppor-

149 1371 288 1435 tunis
317 1375 393 1435 ad
429 1376 725 1438 subitam·
745 1377 1176 1462 irruptionem
1208 1379 1375 1441 loc1s
1408 1378 1850 1440 consederant.
1897 1379 1969 1435 ln
1998 1396 2078 1437 eo
2286 1447 2299 1461 ³

149 1458 463 1519 certamine
500 1481 697 1542 quum
731 1479 855 1544 pro
896 1460 1087 1521 solita
1121 1462 1382 1524 audacia
1420 1461 1709 1543 Pyrrhus
1747 1473 1893 1520 ante
1937 1458 2076 1543 pri·
2125 1446 2229 1501 Sed
2243 1457 2411 1500 ''m“

148 1554 226 1595 ma
244 1537 413 1621 signa
429 1557 778 1625 pugnaret,
811 1544 880 1602 in
917 1542 1402 1625 capite-vulnus
1441 1543 1711 1626 accepit.
1769 1537 1875 1604 Ad
1906 1538 2078 1626 quod
2103 1529 2264 1639 *Ἲς
2282 1530 2431 1568 '‘⁶‘'

150 1616 530 1703 obligandum
564 1646 758 1708 quum
789 1626 1041 1685 exsacie
1069 1626 1431 1712 paullisper
1467 1625 1868 1696 secessiss'et,
1936 1621 2080 1707 qui·
2101 1604 2169 1657 μ
2261 1620 2277 1637 “

150 1697 263 1759 dam
287 1702 590 1780 hostium,
637 1706 1076 1800 magnitudine
1114 1709 1416 1793 corporis
1451 1722 1516 1769 et
1552 1726 1875 1768 armorum
1907 1705 2084 1765 cultu

150 1782 538 1867 conspicuus,
584 1788 781 1872 longe
829 1804 975 1851 ante
1024 1791 1186 1852 alios
1234 1810 1674 1874 procurrens,
1719 1789 1904 1849 incre
1954 1786 2083 1847 avit

48 1927 49 1942 χ
151 1881 265 1924 eum
292 1868 450 1929 elata
484 1890 675 1943 voce,
720 1870 1022 1962 jussitque
1047 1872 1342 1957 prodire,
1393 1874 1449 1935 si
1478 1871 1756 1950 viveret.
1800 1869 1898 1929 Ibi
1969 1889 2081 1949 ,yr-
2116 1871 2123 1877 '

48 1951 49 2012 Ϊ
149 1943 273 2009 rhus
307 1950 544 2012 ardens
571 1953 690 2026 ira,
734 1951 1003 2037 viiuque
1047 1969 1113 2016 et
1149 1969 1443 2016 manante
1475 1973 1598 2038 per
1628 1953 1864 2014 faciem
1893 1948 2083 2011 cruo-

150 2046 206 2086 re
222 2032 531 2116 terribilis
560 2077 577 2107 ‚
622 2034 934 2118 impetum
962 2037 1028 2097 in
1063 2051 1563 2121 provocatorem
1585 2079 1602 2109 ‚
1647 2031 1879 2095 frustra
1922 2032 2082 2093 reti-

151 2112 414 2176 nentibus
453 2115 632 2189 suis,
699 2117 933 2179 vertit:
999 2132 1510 2204 occupatumque
1554 2118 1727 2178 illata
1777 2115 1846 2175 in
1895 2126 2087 2196 caput
2155 2145 2166 2182 ι

48 2235 49 2238 ¹
150 2191 300 2276 plaga
330 2195 710 2280 prosternit.
770 2203 1126 2263 Memoriae
1167 2195 1501 2285 proditum
1542 2197 1665 2273 est,
1712 2218 1852 2260 eam
1884 2194 2085 2281 gladii

150 2279 504 2359 temperiem
535 2295 561 2353 ,·
617 2301 884 2364 eamque
940 2285 1072 2345 vim
1111 2283 1416 2345 ferientis
1450 2282 1675 2355 fuine,
1747 2294 1818 2341 ut
1845 2322 1862 2353 ,
1937 2274 2082 2338 infi-
2145 2275 2350 2360 ῙΨΥῙῑῘ,

150 2374 287 2418 mum
305 2360 381 2420 ad
402 2382 649 2445 corpus
684 2365 955 2427 vulnere
984 2366 1354 2426 continuato
1374 2408 1389 2437 ‚
1434 2364 1727 2448 partibus
1758 2357 2083 2444 utrimque
2106 2356 2432 2468 Νέἶῖῗω

153 2434 556 2505 dilabentibus
575 2486 593 2515 ‚
637 2446 920 2507 medium
941 2446 1271 2508 hominem
1304 2446 1538 2508 eodem
1556 2448 1691 2506 ictu
1721 2443 2082 2505 diss'ecaret.
2110 2428 2161 2468 n
2174 2432 2232 2468 '⁰
2342 2450 2356 2465 ’

153 2516 274 2598 Ejus
319 2526 681 2609 spectaculi
719 2527 912 2589 foeda
950 2530 1236 2591 novitate
1266 2528 1571 2614 'perculsi
1607 2525 1818 2587 hostes
1845 2569 1861 2599 ,
1911 2538 1976 2586 et
2016 2536 2089 2584 ut
2168 2561 2175 2569 ·

152 2602 421 2682 majorem
456 2610 786 2670 communi
813 2609 1144 2674 hominum
1176 2625 1355 2673 sorte
1388 2611 1599 2675 virum
1623 2608 1925 2680 reveriti,
1965 2629 2086 2692 pu·
2174 2660 2182 2674 .

48 2731 51 2756 ,
151 2700 303 2765 gnam
341 2690 473 2750 omi
482 2688 721 2752 serunt.

48 2867 51 2906 ἶ
249 2821 471 2900 XXIII.
524 2822 851 2904 Pyrrhus,
920 2823 1041 2885 hac
1087 2823 1372 2885 molestia
1419 2823 1666 2885 solutus
1690 2847 1716 2897 ‚·
1768 2842 1902 2885 non
1933 2824 2088 2887 ideo

48 2933 49 2948 ι
149 2896 343 2962 laetior
365 2904 622 2988 agebat.
708 2904 904 2999 Quod
928 2907 1109 2969 enim
1147 2929 1299 2991 pars
1334 2903 1945 3048 impedimentorum
1971 2905 2090 2968 isto
2181 2965 2186 2972 ,

48 3005 49 3022 1
152 2985 372 3061 proelio
406 2987 627 3049 amiss'a
665 3000 839 3060 erat,
888 2995 954 3050 et
989 3009 1149 3073 opes
1180 3009 1260 3050 ex
1296 2989 1432 3050 Sici
1463 2988 1563 3047 iae
1602 2988 1833 3071 spoliis
1871 3002 2089 3071 partas

48 3063 49 3096 ³
154 3063 358 3144 prioris
395 3089 548 3131 cum
575 3072 802 3130 Poeno
881 3094 923 3131 u
969 3091 1089 3134 nae
1131 3070 1319 3132 casus
1336 3072 1810 3152 interceperat3
1856 3071 1923 3131 in
1956 3091 2087 3131 ma-

152 3163 248 3224 gna
273 3152 369 3211 rei
397 3150 800 3214 nummariae
873 3090 1213 3215 ilficultate
1235 3196 1251 3226 ‚
1299 3173 1495 3236 quum
1527 3151 1949 3235 poscentibus
1977 3150 2090 3213 ffi-

48 3239 49 3242 ’
88 3241 93 3248 ·
154 3230 350 3305 pendia
387 3233 712 3295 militibus
746 3237 876 3294 n'on
913 3236 1105 3308 ess'et,
1151 3238 1329 3298 unde„
1356 3234 1867 3317 praeberentur,
1900 3234 2090 3296 ›dica-
2147 3243 2167 3250 “’
2250 3237 2254 3244 ”

153 3317 230 3399 §es
253 3315 695 3399 Proserpinae
727 3312 1063 3379 thesauros
1089 3317 1375 3401 spoliare
1393 3332 1650 3392 coaetus
1675 3315 1782 3377 est.
1844 3319 2091 3377 Fanum
2150 3297 2428 3410 Proserpi·

154 3389 282 3455 illud
315 3396 490 3492 apud
534 3398 896 3461 Locrenses
945 3398 1263 3484 opinione
1318 3398 1673 3462 sanctitatis
1728 3399 2087 3460 celeberri-
2114 3428 2208 3462 nae
2221 3412 2432 3462 themu·
2507 3473 2512 3474 γ

154 3488 292 3536 mum
314 3477 398 3539 iis
436 3478 847 3563 temporibus
876 3481 1023 3543 fuit.
1084 3481 1292 3578 Quam
1335 3479 1665 3544 civitatem
1699 3501 1897 3565 quum
1927 3484 2088 3562 Pyr-
2114 3480 2427 3550 rispoh‘an-

154 3553 312 3632 rhus,
373 3561 675 3623 animatis
720 3564 1085 3646 praesentia
1122 3586 1235 3625 sua
1279 3563 1503 3647 regiae
1539 3562 1845 3624 factionis
1879 3562 2090 3630 homi-
2116 3556 2209 3601 ‘¹⁰‘
2231 3564 2265 3599 ⁰
2287 3546 2417 3620 fys·

153 3636 344 3715 nibu'sss
388 3644 778 3739 recepiss'et,
826 3647 1025 3707 multa
1066 3645 1135 3706 in
1177 3645 1543 3708 Locrenses
1578 3644 1771 3706 foeda
1801 3645 2094 3707 facinora
2117 3619 2238 3670 '¹⁸⁰’
2371 3639 2392 3704 ἶ

155 3720 327 3786 edidit
349 3766 366 3798 ,
428 3727 737 3809 cupidius
772 3742 838 3789 et
873 3726 1065 3789 latius
1087 3770 1105 3800 ‚
1176 3750 1367 3811 quam
1402 3727 1740 3790 interfecti
1772 3727 2092 3811 praesidii

48 3855 49 3858 ,
154 3802 469 3880 postularet
505 3810 705 3882 ultio,
752 3810 1059 3872 caedibus
1093 3824 1161 3870 et
1193 3811 1442 3894 rapinis
1485 3811 1552 3871 in
1594 3809 1867 3872 miseros
1908 3829 2093 3893 gras-

159 3899 320 3948 satus.
404 3887 750 3976 Postquam
793 3906 1007 3955 autem
1051 3891 1217 3955 nihil
1244 3894 1671 3977 ‘supererat,'
1719 3891 1896 3977 quod
1934 3911 2089 3954 con·
2186 3909 2198 3935 ‘

48 4085 51 4096 2
211 4043 334 4119 Cap.
352 4049 507 4103 xxl.
543 4050 698 4104 Plut.
729 4050 790 4103 in
808 4052 1057 4120 Pyrrho.
1078 4071 1130 4109 c.
1149 4052 1241 4109 53.
1310 4013 1461 4125 cap.
1491 4054 1671 4107 XXII.
1712 4017 1930 4123 Poly-b,
1956 4049 2003 4118 i,
2029 4039 2110 4107 8.Ἰ

48 4129 51 4138 ·
158 4109 279 4167 Plut.
349 4119 500 4189 Cap.
537 4120 746 4175 XXIII.
784 4120 1026 4193 Dionys.
1068 4120 1444 4195 apudVales.
1488 4122 1724 4192 Li†.29,
1747 4123 1833 4178 18.
1870 4120 2090 4196 Appia-

156 4193 240 4235 uus
256 4187 407 4260 apud
425 4190 625 4248 Vales-
661 4188 778 4244 Dio
797 4192 955 4263 apud
968 4193 1173 4251 Vales-
1713 4224 1723 4236 ν
1975 4225 1980 4232 ·
