2717 4659
69 0 114 265 Ῐ
263 136 283 151 ’
602 196 691 258 m
731 191 1027 257 Locum
1067 197 1225 287 ms.
1259 196 1429 259 xv1.
1472 196 1691 260 mvn.
1995 198 2108 279 239

188 400 337 461 milia
374 402 732 465 necess'ario
770 425 839 465 se
931 416 1074 465 utus
1098 401 1206 467 est.
1258 404 1442 465 Sicut
1473 405 1646 466 enim
1666 383 1926 468 naturae
1948 428 2102 469 con·
2160 404 2435 488 Ugtufflo·

185 483 333 560 gruit
351 525 369 556 ‚
411 503 527 544 cor
576 506 685 556 us,
731 425 1152 569 quoffjussum
1178 484 1254 545 ad
1283 486 1540 546 modum
1565 488 1804 549 salubri
1827 490 1973 550 cibo
1998 509 2102 550 re·
2164 477 2442 558 S'‘”¹‘⁴f'·

183 562 409 636 ficitur‚
473 585 550 626 ro
599 564 793 627 ustius
822 579 888 628 et
919 566 1233 648 longioris
1276 568 1418 630 aevi
1453 569 1581 630 ess'e
1604 610 1620 640 ‚
1692 591 1879 652 quam
1911 570 1967 630 si
2003 570 2101 631 in-
2121 561 2441 666 mgaezssta'e‘e‘}

185 645 380 728 genito
418 660 795 708 contentum
829 667 1022 709 succo
1044 662 1220 710 extra
1250 669 1321 709 se
1342 663 1558 710 natum
1577 650 1942 712 alimentum
1970 673 2104 712 om-
2228 694 2444 733 mm„

184 746 252 785 ne
274 725 755 810 aspernaretur:
791 729 875 790 ita
903 726 1319 791 florentiores
1350 730 1537 792 suere
1575 732 1892 803 civitates,
1941 753 2103 816 quae
2128 766 2277 801 succo
2293 751 2438 803 alen-

186 828 340 868 suum
361 807 640 870 efficere
664 822 1003 883 noverunt,
1045 810 1358 894 quidquid
1378 832 1642 894 usquam
1667 814 1919 897 egregii
1943 828 2100 886 erat,
2126 818 2246 874 dae.

184 909 340 971 quam
371 911 561 972 quae,
609 891 827 975 inepta
860 891 1126 975 quadam
1153 896 1513 975 arrogantia
1544 894 1854 956 habentes
1883 894 2000 956 des
2047 896 2102 955 i·
2426 944 2433 951 ,

182 971 364 1043 cami,
411 971 593 1053 quod
623 972 689 1033 in
731 994 840 1034 sua
869 974 1054 1057 gleba
1089 987 1301 1034 natum
1331 995 1458 1034 non
1496 976 1684 1049 esset,
1730 977 1955 1038 semoti
2002 919 2102 1037 {aa
2133 972 2185 1033 Κ
2216 1015 2231 1033 .
2335 999 2347 1017 v

178 1050 369 1113 multis
401 1050 727 1137 bonisque
761 1054 1087 1137 potentiae
1124 1056 1529 1140 quaerendae
1547 1056 1904 1120 tuendaeve
1927 999 2102 1139 aldiu-

57 1176 60 1219 q
175 1131 404 1194 toribus
453 1135 834 1217 spoliarunt.
2150 1132 2159 1143 ’

279 1267 472 1329 an.
516 1266 695 1328 Idem
720 1287 920 1328 annus
941 1271 1039 1331 rei
1070 1288 1221 1330 sane
1251 1267 1524 1341 crudeli,
1559 1266 1676 1328 sed
1709 1286 1856 1327 mox
1873 1269 2102 1329 intem-

171 1350 592 1430 perantiss'une
616 1348 985 1431 usurpatae,
1033 1351 1285 1412 initium
1322 1349 1567 1421 attulit,
1614 1362 1684 1409 ut
1707 1350 1963 1432 sanguis
1985 1350 2102 1409 hu·
2161 1394 2232 1449 G!
2266 1396 2327 1448 d.

169 1448 369 1490 manus
391 1470 408 1501 ‚
457 1430 527 1491 in
562 1431 829 1515 gratiam
867 1432 1161 1494 levissimi
1198 1430 1506 1515 cujusque
1536 1431 1917 1513 spectatoris
1947 1429 2097 1492 affa-
2127 1464 2207 1515 m·
2231 1410 2440 1516 2:22:

173 1508 271 1569 tim
299 1511 477 1573 fusus
505 1555 523 1586 ,
575 1513 869 1594 voluptas
903 1514 1158 1596 publica
1188 1511 1400 1573 fieret.
1467 1511 1737 1572 Barbari
1768 1499 1967 1573 m6ris
1990 1535 2098 1573 au·
2127 1533 2210 1585 ris
2233 1535 2402 1603 wig„
2566 1520 2574 1555 ‘

173 1604 366 1654 ctores
396 1597 487 1654 M.
519 1607 589 1655 et
613 1594 695 1653 D.
732 1595 908 1655 Junii
926 1594 1147 1668 Bruti,
1193 1593 1419 1654 neseio
1451 1614 1572 1677 qua
1598 1593 1837 1676 pietate
1869 1594 2098 1656 defun-

172 1672 244 1732 cti
267 1674 468 1757 patris
501 1676 762 1737 cineres
786 1675 1163 1738 honoraturi
1184 1719 1199 1748 ‚
1236 1674 1682 1758 gladiatorium
1709 1696 1934 1735 munus
1961 1676 2099 1736 edi-

172 1751 381 1818 derunt
405 1799 421 1829 ,
467 1778 723 1840 magno.
748 1756 971 1819 favore
1004 1758 1305 1819 civitatis».
1395 1755 1525 1817 Sed
1550 1755 1712 1816 hanc
1748 1756 2097 1835 humanita-

173 1835 241 1896 tis
273 1837 575 1918 injuriam
605 1840 736 1900 ulta
771 1837 1127 1922 pestilentia
1164 1836 1285 1912 est,
1333 1858 1495 1921 quae
1532 1846 1654 1921 per
1688 1834 1869 1897 istum
1905 1852 1970 1900 et
1995 1859 2097 1899 se-

172 1933 452 1999 quentem
484 1939 719 1982 annum
748 1921 1129 1982 atrocissime
1162 1921 1409 1983 saeviit.
1458 1919 1540 1981 ob
1571 1939 1756 2002 quam
1779 1941 1970 2002 quum
1999 1920 2098 1982 si-

170 1996 420 2078 byllinos
465 2002 677 2063 libros
731 2001 896 2063 adiri
941 2002 1310 2086 placuiss'et,
1393 2001 1489 2061 ira
1528 2001 1739 2061 Deum
1774 2000 2101 2062 immiss'am
2370 2056 2377 2065 t

171 2080 278 2142 effe
310 2097 673 2167 repertum.
759 2086 938 2165 Ergo
976 2085 1332 2166 religiones
1359 2082 1659 2164 profecto
1696 2103 1921 2166 parum
1941 2078 2101 2142 caste
2199 2096 2432 2165 χαίρω-

169 2159 369 2224 haberi
407 2164 777 2248 suspicione
817 2179 954 2225 orta
974 2208 990 2238 ‚
1049 2163 1393 2249 pontifices
1417 2206 1433 2234 ‚
1479 2162 1853 2246 diligentius
1883 2163 2102 2225 ohser—
2127 2186 2217 2220 nes
2233 2183 2436 2238 parum

167 2245 353 2305 vando
385 2259 455 2307 et
486 2242 878 2332 inquirendo
899 2288 918 2317 ‚
961 2247 1232 2330 plurima
1258 2246 1490 2307 sacella
1528 2244 1800 2341 fanaque
1829 2268 1864 2304 a
1886 2246 2101 2330 priva·
2163 2238 2296 2317 ‘fast‘
2324 2236 2434 2297 '1⁸⁰-

166 2324 236 2385 tis
260 2341 574 2422 occupata
611 2327 738 2389 ess'e
773 2327 1195 2400 invenerunt,
1256 2341 1320 2389 et
1358 2330 1488 2410 Cap
1538 2347 1825 2389 arontam
1863 2347 1943 2388 ex
1977 2328 2101 2390 Ve-
2128 2307 2290 2357 ‘'¹⁴⁶“

166 2403 402 2470 stalibus
433 2406 656 2470 incesti
689 2408 960 2471 crimine
988 2410 1221 2473 teneri.
1308 2409 1439 2470 Sed
1467 2409 1490 2468 i
1518 2408 1598 2481 la,
1643 2408 1794 2470 du'm
1816 2429 1927 2469 rea
1949 2429 2101 2490 per-

164 2489 388 2568 agitur,
440 2490 790 2574 suspendio
818 2491 1154 2574 praevenit
1181 2512 1300 2574 sup
1346 2489 1606 2551 licium:
1666 2490 1734 2550 in
1761 2504 2101 2572 corrupto-

165 2589 282 2630 rem
304 2570 447 2652 ejus
468 2571 894 2656 consciosque
928 2586 1153 2635 servos
1187 2572 1318 2655 legi
1368 2592 1441 2632 us
1473 2569 1977 2632 animadversum
1994 2567 2102 2632 est.

164 2651 314 2713 Loca
364 2673 554 2715 sacra
612 2674 691 2715 ex
729 2654 1128 2740 privatorum
1178 2653 1543 2715 temeritate
1595 2651 1836 2737 priscis
1878 2652 2102 2713 usibus

163 2734 484 2796 vindicata.
688 2743 692 2747 '

264 2841 491 2902 XLIII.
553 2840 664 2902 Sic
704 2839 985 2907 exsoluta
1031 2841 1461 2926 religionibus
1499 2841 1760 2903 civitate
1783 2882 1800 2915 ‚
1869 2841 2100 2900 Patres
2160 2845 2435 2908 nmmo.

161 2919 422 2981 animum
466 2924 688 2983 rursus
733 2921 814 2985 ad
850 2922 1246 3005 reipublicae
1277 2943 1493 2984 curam
1536 2924 1944 2984 retulerunt:
2012 2933 2098 2992 et,
2154 2912 2244 2994 M?
2266 2913 2430 3008 &Lale-

162 3002 449 3082 quoniam
470 3045 489 3076 ‚
550 3004 811 3065 Etruria
857 3003 980 3084 jam
1024 3018 1240 3088 pacata
1268 3047 1286 3078 ‚
1367 3005 1528 3065 nihil
1562 3004 1629 3064 in
1657 3003 1836 3064 ltalia
1863 3000 2101 3083 reliqui
2126 2984 2455 3062 ‘'¹.⁰.M·0²³¹‘

159 3097 351 3145 motus
389 3097 555 3157 erat,
599 3086 818 3147 ambos
856 3085 1003 3146 anni
1035 3086 1188 3148 novi
1224 3086 1519 3146 consules
1550 3085 1616 3145 in
1644 3084 1929 3160 Siciliam
1955 3102 2101 3143 cum
2140 3051 2442 3174 ἳέἷξῗοῗζ

160 3161 528 3245 legionibus·
550 3166 920 3263 transgredi
953 3166 1209 3250 placuit.
1273 3168 1566 3228 Fuerunt
1585 3165 1654 3228 hi
1674 3163 1771 3226 MT
1800 3163 2098 3239 Valerius
2125 3189 2266 3240 μὴ,
2283 3190 2340 3239 5„
2358 3187 2439 3239 Si-

159 3244 232 3303 ll·
259 3247 333 3308 F.
360 3251 457 3308 M.
490 3252 569 3308 N.
600 3251 913 3309 Maximus
935 3290 951 3322 ‚
999 3248 1112 3331 qui
1137 3248 1201 3308 in
1227 3248 1352 3309 hoc
1383 3247 1631 3308 honore
1670 3247 1949 3308 Mess'alla
1987 3266 2098 3327 ap·
2124 3255 2442 3325 citiampro·

199 3327 420 3390 enatus
459 3325 584 3402 est,
631 3343 696 3390 et
733 3328 831 3391 M?
865 3329 1183 3391 Otacilius
1219 3330 1291 3390 C.
1329 3331 1404 3390 F.
1432 3327 1528 3389 M?
1558 3333 1636 3391 N.
1670 3326 1944 3390 Crass'us.
1998 3325 2099 3388 Ab
2113 3323 2457 3390 ficiscuntur.

2064 3396 2075 3413 l

199 3408 247 3467 ‘s
281 3422 753 3493 transportatas
791 3410 1104 3494 prospere
1138 3429 1215 3472 co
1265 3410 1359 3472 ias
1403 3409 1628 3472 eadem
1657 3411 1724 3470 in
1753 3408 1951 3470 rebus
1985 3427 2099 3490 ge-

155 3490 361 3552 rendis
392 3489 788 3574 prosequuta
820 3490 1101 3553 felicitas
1145 3513 1181 3553 e
1236 3537 1272 3561 .,
1319 3492 1534 3575 Quum
1564 3491 1737 3557 enim
1760 3532 1778 3563 ‚
1824 3488 2101 3551 Adrani-

156 3581 347 3632 tarum
391 3570 559 3633 urbe
612 3570 748 3655 post
796 3572 1066 3634 brevem
1109 3571 1504 3635 ohsidionem
1543 3594 1666 3657 per
1713 3571 1845 3634 vim
1897 3583 2100 3653 capta,

157 3650 607 3736 Centuripinos
627 3652 1171 3728 circumssderent‚
1214 3668 1535 3717 venerunt
1569 3654 1646 3715 ab
1676 3649 1983 3714 Alae-finis
2008 3651 2101 3713 le·
2275 3710 2279 3714 .

154 3733 304 3812 gati,
349 3733 661 3816 oppidum
691 3755 873 3795 suum
909 3734 1243 3798 dedentes.
1327 3735 1486 3797 Inde
1516 3734 1832 3806 consules,
1879 3732 2439 3831 diver··P0enosSq-

155 3832 243 3872 sas
281 3812 525 3876 insulae
560 3830 779 3899 partes
820 3816 1151 3891 obeundo,
1196 3817 1390 3879 modo
1420 3815 1687 3887 divisis,
1733 3814 1925 3887 niodo
1953 3814 2097 3917 jun·
2118 3846 2441 3882 racusanus·
2653 3838 2655 3909 χ

147 4016 154 4025 ι
208 3964 344 4042 cap.
367 3963 540 4044 xm.
575 3963 985 4036 Liv.Epit.16.
1018 3964 1326 4020 Va1.Max.
1351 3964 1556 4051 ²2⁴27·
1593 3963 1766 4052 Oros.
1788 3961 1919 4042 425.
1941 3962 2090 4045 Aug.
2126 4040 2133 4046 „
2650 3950 2653 4075 A

151 4025 215 4082 de
232 4032 556 4099 Civ.De1‚3
603 4052 687 4100 ¹¹7·
724 4036 896 4088 Oros.
970 4033 1117 4104 Cap.
1142 4032 1343 4088 XLIII.
1396 4033 1671 4085 Lonaras.
1711 4031 1857 4103 kasti
1892 4031 2084 4103 Capit.

150 4097 312 4155 Diod.
335 4101 539 4175 Eclog.
559 4070 600 4157 ἰ.
628 4103 716 4159 23.
751 4104 1029 4157 Zonaras.
1119 4126 1142 4149 ³-
